From: <support@pokerstars.com>
To: <starstealer@comcast.net>
Subject: PokerStars Hand History Request - tournament #376043
Date: Saturday, October 25, 2003 4:37 PM

Transcript for tournament #376043 requested by Starstealer(starstealer@comcast.net)
*********** # 1 **************
PokerStars Game #136921013: Tournament #376043, Omaha Limit - Level I (20/40) - 2003/10/05 - 13:30:00 (ET)
Table '376043 28' Seat #1 is the button
Seat 1: Starstealer (1500 in chips) 
Seat 2: nummy (1500 in chips) is sitting out
Seat 3: BigMikeB (1500 in chips) 
Seat 4: riggster (1500 in chips) is sitting out
Seat 5: jokerrrr (1500 in chips) 
Seat 6: 4 no trump (1500 in chips) 
Seat 7: painrelief (1500 in chips) 
Seat 9: flop147 (1500 in chips) 
nummy: posts small blind 10
BigMikeB: posts big blind 20
*** HOLE CARDS ***
Dealt to Starstealer [Th 5d 2s 7d]
riggster: folds 
jokerrrr: calls 20
4 no trump: calls 20
riggster has returned
painrelief: calls 20
flop147: folds 
Starstealer: folds 
nummy: folds 
BigMikeB: checks 
*** FLOP *** [2c 3h 9h]
BigMikeB: bets 20
jokerrrr: calls 20
4 no trump: calls 20
painrelief: calls 20
*** TURN *** [2c 3h 9h] [6d]
BigMikeB: bets 40
jokerrrr: folds 
4 no trump: calls 40
painrelief: calls 40
*** RIVER *** [2c 3h 9h 6d] [Ac]
BigMikeB: checks 
4 no trump: checks 
painrelief: checks 
*** SHOW DOWN ***
BigMikeB: shows [6h Jh 5s 9s] (two pair, Nines and Sixes)
4 no trump: mucks hand 
painrelief: mucks hand 
BigMikeB collected 290 from  pot
*** SUMMARY ***
Total pot 290 | Rake 0 
Board [2c 3h 9h 6d Ac]
Seat 1: Starstealer (button) folded before Flop (didn't bet)
Seat 2: nummy (small blind) folded before Flop
Seat 3: BigMikeB (big blind) showed [6h Jh 5s 9s] and won (290) with two pair, Nines and Sixes
Seat 4: riggster folded before Flop (didn't bet)
Seat 5: jokerrrr folded on the Turn
Seat 6: 4 no trump mucked [Ts Kd Qh 9d] - a pair of Nines
Seat 7: painrelief mucked [Qd 7h As 4h] - a pair of Aces
Seat 9: flop147 folded before Flop (didn't bet)

*********** # 2 **************
PokerStars Game #136922080: Tournament #376043, Omaha Limit - Level I (20/40) - 2003/10/05 - 13:31:25 (ET)
Table '376043 28' Seat #2 is the button
Seat 1: Starstealer (1500 in chips) 
Seat 2: nummy (1490 in chips) is sitting out
Seat 3: BigMikeB (1710 in chips) 
Seat 4: riggster (1500 in chips) 
Seat 5: jokerrrr (1460 in chips) 
Seat 6: 4 no trump (1420 in chips) 
Seat 7: painrelief (1420 in chips) 
Seat 9: flop147 (1500 in chips) 
BigMikeB: posts small blind 10
riggster: posts big blind 20
*** HOLE CARDS ***
Dealt to Starstealer [Jc 6h 6s 2d]
jokerrrr: folds 
4 no trump: calls 20
painrelief: calls 20
flop147: folds 
Starstealer: calls 20
nummy: folds 
BigMikeB: calls 10
riggster: checks 
*** FLOP *** [Js Ks 4c]
BigMikeB: bets 20
riggster: calls 20
4 no trump: folds 
painrelief: calls 20
Starstealer: folds 
*** TURN *** [Js Ks 4c] [Th]
BigMikeB: bets 40
riggster: calls 40
painrelief: calls 40
*** RIVER *** [Js Ks 4c Th] [9h]
nummy is connected 
nummy has returned
BigMikeB: checks 
riggster: checks 
painrelief: checks 
*** SHOW DOWN ***
BigMikeB: shows [3h Jh Kh Td] (two pair, Kings and Jacks)
riggster: mucks hand 
painrelief: mucks hand 
BigMikeB collected 280 from  pot
*** SUMMARY ***
Total pot 280 | Rake 0 
Board [Js Ks 4c Th 9h]
Seat 1: Starstealer folded on the Flop
Seat 2: nummy (button) folded before Flop (didn't bet)
Seat 3: BigMikeB (small blind) showed [3h Jh Kh Td] and won (280) with two pair, Kings and Jacks
Seat 4: riggster (big blind) mucked [5d 6d Qd 5c] - a pair of Fives
Seat 5: jokerrrr folded before Flop (didn't bet)
Seat 6: 4 no trump folded on the Flop
Seat 7: painrelief mucked [Ah 4h 3s 7s] - a pair of Fours
Seat 9: flop147 folded before Flop (didn't bet)

*********** # 3 **************
PokerStars Game #136923003: Tournament #376043, Omaha Limit - Level I (20/40) - 2003/10/05 - 13:32:39 (ET)
Table '376043 28' Seat #3 is the button
Seat 1: Starstealer (1480 in chips) 
Seat 2: nummy (1490 in chips) 
Seat 3: BigMikeB (1910 in chips) 
Seat 4: riggster (1420 in chips) 
Seat 5: jokerrrr (1460 in chips) 
Seat 6: 4 no trump (1400 in chips) 
Seat 7: painrelief (1340 in chips) 
Seat 9: flop147 (1500 in chips) 
riggster: posts small blind 10
jokerrrr: posts big blind 20
*** HOLE CARDS ***
Dealt to Starstealer [9d 6s 4d Jd]
4 no trump: calls 20
painrelief: calls 20
flop147: calls 20
Starstealer: folds 
nummy: calls 20
BigMikeB: raises 20 to 40
riggster: calls 30
jokerrrr: calls 20
4 no trump: calls 20
painrelief: calls 20
flop147: calls 20
nummy: calls 20
*** FLOP *** [Ad 8s Qh]
riggster: checks 
jokerrrr: checks 
4 no trump: bets 20
painrelief: calls 20
flop147: folds 
nummy: folds 
BigMikeB: calls 20
riggster: calls 20
jokerrrr: calls 20
*** TURN *** [Ad 8s Qh] [7h]
riggster: checks 
jokerrrr: checks 
4 no trump: bets 40
painrelief: calls 40
BigMikeB: calls 40
riggster: calls 40
jokerrrr: calls 40
*** RIVER *** [Ad 8s Qh 7h] [3d]
riggster: checks 
jokerrrr: checks 
4 no trump: bets 40
painrelief: calls 40
BigMikeB: raises 40 to 80
riggster: folds 
jokerrrr: folds 
4 no trump: calls 40
painrelief: calls 40
*** SHOW DOWN ***
BigMikeB: shows [Qd 7c 2c 7d] (three of a kind, Sevens)
4 no trump: mucks hand 
painrelief: mucks hand 
BigMikeB collected 820 from  pot
*** SUMMARY ***
Total pot 820 | Rake 0 
Board [Ad 8s Qh 7h 3d]
Seat 1: Starstealer folded before Flop (didn't bet)
Seat 2: nummy folded on the Flop
Seat 3: BigMikeB (button) showed [Qd 7c 2c 7d] and won (820) with three of a kind, Sevens
Seat 4: riggster (small blind) folded on the River
Seat 5: jokerrrr (big blind) folded on the River
Seat 6: 4 no trump mucked [6h 2h Kd 5c] - high card Ace
Seat 7: painrelief mucked [Qc Ts As 7s] - two pair, Aces and Queens
Seat 9: flop147 folded on the Flop

*********** # 4 **************
PokerStars Game #136924359: Tournament #376043, Omaha Limit - Level I (20/40) - 2003/10/05 - 13:34:33 (ET)
Table '376043 28' Seat #4 is the button
Seat 1: Starstealer (1480 in chips) 
Seat 2: nummy (1450 in chips) 
Seat 3: BigMikeB (2550 in chips) 
Seat 4: riggster (1320 in chips) 
Seat 5: jokerrrr (1360 in chips) 
Seat 6: 4 no trump (1220 in chips) 
Seat 7: painrelief (1160 in chips) 
Seat 9: flop147 (1460 in chips) 
jokerrrr: posts small blind 10
4 no trump: posts big blind 20
*** HOLE CARDS ***
Dealt to Starstealer [3c 4c 7s Ac]
painrelief: calls 20
flop147: folds 
Starstealer: calls 20
nummy: folds 
BigMikeB: calls 20
riggster: calls 20
jokerrrr: calls 10
4 no trump: checks 
*** FLOP *** [6c 2c Ks]
jokerrrr: bets 20
4 no trump: raises 20 to 40
painrelief: calls 40
Starstealer: calls 40
BigMikeB: calls 40
riggster: calls 40
jokerrrr: calls 20
*** TURN *** [6c 2c Ks] [5h]
jokerrrr: checks 
4 no trump: bets 40
painrelief: folds 
Starstealer: raises 40 to 80
BigMikeB: folds 
riggster: calls 80
jokerrrr: calls 80
4 no trump: raises 40 to 120
Starstealer: raises 40 to 160
Betting is capped
riggster: calls 80
jokerrrr: calls 80
4 no trump: calls 40
*** RIVER *** [6c 2c Ks 5h] [7c]
jokerrrr: checks 
4 no trump: bets 40
Starstealer: raises 40 to 80
riggster: calls 80
jokerrrr: calls 80
4 no trump: raises 40 to 120
Starstealer: raises 40 to 160
Betting is capped
riggster: calls 80
jokerrrr: calls 80
4 no trump: calls 40
*** SHOW DOWN ***
Starstealer: shows [3c 4c 7s Ac] (a flush, Ace high)
riggster: mucks hand 
jokerrrr: mucks hand 
4 no trump: mucks hand 
Starstealer collected 1640 from  pot
*** SUMMARY ***
Total pot 1640 | Rake 0 
Board [6c 2c Ks 5h 7c]
Seat 1: Starstealer showed [3c 4c 7s Ac] and won (1640) with a flush, Ace high
Seat 2: nummy folded before Flop (didn't bet)
Seat 3: BigMikeB folded on the Turn
Seat 4: riggster (button) mucked [9c 4h 3s Tc] - a flush, Ten high
Seat 5: jokerrrr (small blind) mucked [2s 2h 6h Th] - three of a kind, Deuces
Seat 6: 4 no trump (big blind) mucked [8c 3d Qd Ah] - high card Ace
Seat 7: painrelief folded on the Turn
Seat 9: flop147 folded before Flop (didn't bet)

*********** # 5 **************
PokerStars Game #136925933: Tournament #376043, Omaha Limit - Level I (20/40) - 2003/10/05 - 13:36:39 (ET)
Table '376043 28' Seat #5 is the button
Seat 1: Starstealer (2740 in chips) 
Seat 2: nummy (1450 in chips) 
Seat 3: BigMikeB (2490 in chips) 
Seat 4: riggster (940 in chips) 
Seat 5: jokerrrr (980 in chips) 
Seat 6: 4 no trump (840 in chips) 
Seat 7: painrelief (1100 in chips) 
Seat 9: flop147 (1460 in chips) 
4 no trump: posts small blind 10
painrelief: posts big blind 20
*** HOLE CARDS ***
Dealt to Starstealer [9c 3d Th Kh]
flop147: calls 20
Starstealer: folds 
nummy: calls 20
BigMikeB: calls 20
riggster: calls 20
jokerrrr: calls 20
4 no trump: calls 10
painrelief: checks 
*** FLOP *** [2h 8s 5s]
4 no trump: checks 
painrelief: checks 
flop147: checks 
nummy: checks 
BigMikeB: bets 20
riggster: calls 20
jokerrrr: calls 20
4 no trump: calls 20
painrelief: folds 
flop147: folds 
nummy: calls 20
*** TURN *** [2h 8s 5s] [Kc]
4 no trump: checks 
nummy: checks 
BigMikeB: bets 40
riggster: raises 40 to 80
jokerrrr: folds 
4 no trump: folds 
4 no trump said, "i thought this was high low???"
nummy: calls 80
BigMikeB: calls 40
*** RIVER *** [2h 8s 5s Kc] [Qh]
nummy: checks 
BigMikeB: checks 
riggster: bets 40
nummy: folds 
BigMikeB: folds 
riggster collected 480 from  pot
riggster: doesn't show hand 
*** SUMMARY ***
Total pot 480 | Rake 0 
Board [2h 8s 5s Kc Qh]
Seat 1: Starstealer folded before Flop (didn't bet)
Seat 2: nummy folded on the River
Seat 3: BigMikeB folded on the River
Seat 4: riggster collected (480)
Seat 5: jokerrrr (button) folded on the Turn
Seat 6: 4 no trump (small blind) folded on the Turn
Seat 7: painrelief (big blind) folded on the Flop
Seat 9: flop147 folded on the Flop

*********** # 6 **************
PokerStars Game #136927162: Tournament #376043, Omaha Limit - Level I (20/40) - 2003/10/05 - 13:38:19 (ET)
Table '376043 28' Seat #6 is the button
Seat 1: Starstealer (2740 in chips) 
Seat 2: nummy (1330 in chips) 
Seat 3: BigMikeB (2370 in chips) 
Seat 4: riggster (1300 in chips) 
Seat 5: jokerrrr (940 in chips) 
Seat 6: 4 no trump (800 in chips) 
Seat 7: painrelief (1080 in chips) 
Seat 9: flop147 (1440 in chips) 
painrelief: posts small blind 10
flop147: posts big blind 20
*** HOLE CARDS ***
Dealt to Starstealer [5s 5c 6h 6d]
Starstealer: folds 
nummy: calls 20
BigMikeB: calls 20
riggster: calls 20
jokerrrr: calls 20
4 no trump: calls 20
painrelief: calls 10
flop147: checks 
*** FLOP *** [Jh 4h 7h]
painrelief: checks 
flop147: checks 
nummy: bets 20
BigMikeB: folds 
riggster: calls 20
jokerrrr: folds 
4 no trump: calls 20
painrelief: folds 
flop147: calls 20
*** TURN *** [Jh 4h 7h] [7d]
flop147: checks 
nummy: bets 40
riggster: calls 40
4 no trump: calls 40
flop147: raises 40 to 80
nummy: calls 40
riggster: calls 40
4 no trump: calls 40
*** RIVER *** [Jh 4h 7h 7d] [4d]
flop147: bets 40
nummy: calls 40
riggster: folds 
4 no trump: calls 40
*** SHOW DOWN ***
flop147: shows [Js Ts Jd 9c] (a full house, Jacks full of Sevens)
nummy: mucks hand 
4 no trump: mucks hand 
flop147 collected 660 from  pot
*** SUMMARY ***
Total pot 660 | Rake 0 
Board [Jh 4h 7h 7d 4d]
Seat 1: Starstealer folded before Flop (didn't bet)
Seat 2: nummy mucked [Qd 2d Th Ah] - a flush, Ace high
Seat 3: BigMikeB folded on the Flop
Seat 4: riggster folded on the River
Seat 5: jokerrrr folded on the Flop
Seat 6: 4 no trump (button) mucked [6s 8c 8h Jc] - two pair, Jacks and Sevens
Seat 7: painrelief (small blind) folded on the Flop
Seat 9: flop147 (big blind) showed [Js Ts Jd 9c] and won (660) with a full house, Jacks full of Sevens

*********** # 7 **************
PokerStars Game #136928028: Tournament #376043, Omaha Limit - Level I (20/40) - 2003/10/05 - 13:39:33 (ET)
Table '376043 28' Seat #7 is the button
Seat 1: Starstealer (2740 in chips) 
Seat 2: nummy (1170 in chips) 
Seat 3: BigMikeB (2350 in chips) 
Seat 4: riggster (1180 in chips) 
Seat 5: jokerrrr (920 in chips) 
Seat 6: 4 no trump (640 in chips) 
Seat 7: painrelief (1060 in chips) 
Seat 9: flop147 (1940 in chips) 
flop147: posts small blind 10
Starstealer: posts big blind 20
*** HOLE CARDS ***
Dealt to Starstealer [3s 4h 5d 5h]
nummy: folds 
BigMikeB: calls 20
riggster: calls 20
jokerrrr: calls 20
4 no trump: raises 20 to 40
painrelief: folds 
flop147: calls 30
Starstealer: calls 20
BigMikeB: calls 20
riggster: calls 20
jokerrrr: calls 20
*** FLOP *** [Ts Qc Td]
flop147: checks 
Starstealer: checks 
BigMikeB: checks 
riggster: bets 20
jokerrrr: folds 
4 no trump: raises 20 to 40
flop147: calls 40
Starstealer: folds 
foxplayer is connected 
BigMikeB: calls 40
riggster: raises 20 to 60
4 no trump: calls 20
flop147: calls 20
BigMikeB: calls 20
*** TURN *** [Ts Qc Td] [4c]
flop147: checks 
BigMikeB: checks 
riggster: bets 40
4 no trump: calls 40
flop147: calls 40
BigMikeB: folds 
*** RIVER *** [Ts Qc Td 4c] [4s]
flop147: checks 
riggster: bets 40
4 no trump: calls 40
flop147: calls 40
*** SHOW DOWN ***
riggster: shows [Ac 3c Kc Jc] (a pair of Tens)
4 no trump: shows [7c Ah Ad Jd] (two pair, Aces and Tens)
flop147: shows [9d 9c 8h Tc] (three of a kind, Tens)
flop147 collected 720 from  pot
*** SUMMARY ***
Total pot 720 | Rake 0 
Board [Ts Qc Td 4c 4s]
Seat 1: Starstealer (big blind) folded on the Flop
Seat 2: nummy folded before Flop (didn't bet)
Seat 3: BigMikeB folded on the Turn
Seat 4: riggster showed [Ac 3c Kc Jc] and lost with a pair of Tens
Seat 5: jokerrrr folded on the Flop
Seat 6: 4 no trump showed [7c Ah Ad Jd] and lost with two pair, Aces and Tens
Seat 7: painrelief (button) folded before Flop (didn't bet)
Seat 9: flop147 (small blind) showed [9d 9c 8h Tc] and won (720) with three of a kind, Tens

*********** # 8 **************
PokerStars Game #136928796: Tournament #376043, Omaha Limit - Level I (20/40) - 2003/10/05 - 13:40:37 (ET)
Table '376043 28' Seat #9 is the button
Seat 1: Starstealer (2700 in chips) 
Seat 2: nummy (1170 in chips) 
Seat 3: BigMikeB (2250 in chips) 
Seat 4: riggster (1000 in chips) 
Seat 5: jokerrrr (880 in chips) 
Seat 6: 4 no trump (460 in chips) 
Seat 7: painrelief (1060 in chips) 
Seat 8: foxplayer (1020 in chips) 
Seat 9: flop147 (2480 in chips) 
Starstealer: posts small blind 10
nummy: posts big blind 20
*** HOLE CARDS ***
Dealt to Starstealer [Js Kc 3s 8h]
BigMikeB: calls 20
riggster: calls 20
jokerrrr: folds 
4 no trump: calls 20
painrelief: calls 20
foxplayer: calls 20
flop147: folds 
Starstealer: calls 10
nummy: checks 
*** FLOP *** [3d 6c 2d]
Starstealer: checks 
nummy: checks 
BigMikeB: checks 
riggster: checks 
4 no trump: checks 
painrelief: checks 
foxplayer: checks 
*** TURN *** [3d 6c 2d] [7d]
Starstealer: checks 
nummy: bets 40
BigMikeB: calls 40
riggster: calls 40
4 no trump: folds 
painrelief: folds 
foxplayer: folds 
Starstealer: folds 
*** RIVER *** [3d 6c 2d 7d] [4c]
nummy: bets 40
BigMikeB: folds 
riggster: raises 40 to 80
nummy: calls 40
*** SHOW DOWN ***
riggster: shows [Kd 7c 7s 2h] (three of a kind, Sevens)
nummy: shows [8d Qd Kh 3c] (a flush, Queen high)
nummy collected 420 from  pot
*** SUMMARY ***
Total pot 420 | Rake 0 
Board [3d 6c 2d 7d 4c]
Seat 1: Starstealer (small blind) folded on the Turn
Seat 2: nummy (big blind) showed [8d Qd Kh 3c] and won (420) with a flush, Queen high
Seat 3: BigMikeB folded on the River
Seat 4: riggster showed [Kd 7c 7s 2h] and lost with three of a kind, Sevens
Seat 5: jokerrrr folded before Flop (didn't bet)
Seat 6: 4 no trump folded on the Turn
Seat 7: painrelief folded on the Turn
Seat 8: foxplayer folded on the Turn
Seat 9: flop147 (button) folded before Flop (didn't bet)

*********** # 9 **************
PokerStars Game #136929699: Tournament #376043, Omaha Limit - Level I (20/40) - 2003/10/05 - 13:41:54 (ET)
Table '376043 28' Seat #1 is the button
Seat 1: Starstealer (2680 in chips) 
Seat 2: nummy (1450 in chips) 
Seat 3: BigMikeB (2190 in chips) 
Seat 4: riggster (860 in chips) 
Seat 5: jokerrrr (880 in chips) 
Seat 6: 4 no trump (440 in chips) 
Seat 7: painrelief (1040 in chips) 
Seat 8: foxplayer (1000 in chips) 
Seat 9: flop147 (2480 in chips) 
nummy: posts small blind 10
BigMikeB: posts big blind 20
*** HOLE CARDS ***
Dealt to Starstealer [6h 2d 2c Kc]
riggster: folds 
jokerrrr: calls 20
4 no trump: raises 20 to 40
painrelief: calls 40
foxplayer: folds 
flop147: folds 
Starstealer: folds 
nummy: calls 30
BigMikeB: calls 20
jokerrrr: calls 20
*** FLOP *** [Jd 7h 5h]
nummy: checks 
BigMikeB: checks 
jokerrrr: checks 
4 no trump: bets 20
painrelief: calls 20
nummy: folds 
BigMikeB: calls 20
jokerrrr: folds 
*** TURN *** [Jd 7h 5h] [6d]
BigMikeB: checks 
4 no trump: bets 40
painrelief: calls 40
BigMikeB: calls 40
*** RIVER *** [Jd 7h 5h 6d] [Jc]
BigMikeB: checks 
4 no trump: bets 40
painrelief: calls 40
BigMikeB: folds 
*** SHOW DOWN ***
4 no trump: shows [Jh Qd Qc 6s] (a full house, Jacks full of Sixes)
painrelief: mucks hand 
4 no trump collected 460 from  pot
*** SUMMARY ***
Total pot 460 | Rake 0 
Board [Jd 7h 5h 6d Jc]
Seat 1: Starstealer (button) folded before Flop (didn't bet)
Seat 2: nummy (small blind) folded on the Flop
Seat 3: BigMikeB (big blind) folded on the River
Seat 4: riggster folded before Flop (didn't bet)
Seat 5: jokerrrr folded on the Flop
Seat 6: 4 no trump showed [Jh Qd Qc 6s] and won (460) with a full house, Jacks full of Sixes
Seat 7: painrelief mucked [7d 3h 9d 7s] - a full house, Sevens full of Jacks
Seat 8: foxplayer folded before Flop (didn't bet)
Seat 9: flop147 folded before Flop (didn't bet)

*********** # 10 **************
PokerStars Game #136930573: Tournament #376043, Omaha Limit - Level I (20/40) - 2003/10/05 - 13:43:06 (ET)
Table '376043 28' Seat #2 is the button
Seat 1: Starstealer (2680 in chips) 
Seat 2: nummy (1410 in chips) 
Seat 3: BigMikeB (2090 in chips) 
Seat 4: riggster (860 in chips) 
Seat 5: jokerrrr (840 in chips) 
Seat 6: 4 no trump (760 in chips) 
Seat 7: painrelief (900 in chips) 
Seat 8: foxplayer (1000 in chips) 
Seat 9: flop147 (2480 in chips) 
BigMikeB: posts small blind 10
riggster: posts big blind 20
*** HOLE CARDS ***
Dealt to Starstealer [3s 6c 4h Jc]
jokerrrr: calls 20
4 no trump: folds 
painrelief: folds 
foxplayer: calls 20
flop147: calls 20
Starstealer: folds 
nummy: calls 20
BigMikeB: calls 10
riggster: checks 
*** FLOP *** [5d 8c 4d]
BigMikeB: bets 20
riggster: calls 20
jokerrrr: calls 20
foxplayer: folds 
flop147: calls 20
nummy: calls 20
*** TURN *** [5d 8c 4d] [Ts]
BigMikeB: bets 40
riggster: calls 40
jokerrrr: calls 40
flop147: folds 
nummy: calls 40
*** RIVER *** [5d 8c 4d Ts] [Qd]
BigMikeB: checks 
riggster: checks 
jokerrrr: checks 
nummy: checks 
*** SHOW DOWN ***
BigMikeB: shows [8d 3h Ah 5h] (two pair, Eights and Fives)
riggster: shows [7h 6s 8s Jd] (a straight, Four to Eight)
jokerrrr: mucks hand 
nummy: mucks hand 
riggster collected 380 from  pot
*** SUMMARY ***
Total pot 380 | Rake 0 
Board [5d 8c 4d Ts Qd]
Seat 1: Starstealer folded before Flop (didn't bet)
Seat 2: nummy (button) mucked [6d 9c Kh 9h] - a pair of Nines
Seat 3: BigMikeB (small blind) showed [8d 3h Ah 5h] and lost with two pair, Eights and Fives
Seat 4: riggster (big blind) showed [7h 6s 8s Jd] and won (380) with a straight, Four to Eight
Seat 5: jokerrrr mucked [Kc 7c Ad 2c] - high card Ace
Seat 6: 4 no trump folded before Flop (didn't bet)
Seat 7: painrelief folded before Flop (didn't bet)
Seat 8: foxplayer folded on the Flop
Seat 9: flop147 folded on the Turn

*********** # 11 **************
PokerStars Game #136931694: Tournament #376043, Omaha Limit - Level I (20/40) - 2003/10/05 - 13:44:39 (ET)
Table '376043 28' Seat #3 is the button
Seat 1: Starstealer (2680 in chips) 
Seat 2: nummy (1330 in chips) 
Seat 3: BigMikeB (2010 in chips) 
Seat 4: riggster (1160 in chips) 
Seat 5: jokerrrr (760 in chips) 
Seat 6: 4 no trump (760 in chips) 
Seat 7: painrelief (900 in chips) 
Seat 8: foxplayer (980 in chips) 
Seat 9: flop147 (2440 in chips) 
riggster: posts small blind 10
jokerrrr: posts big blind 20
*** HOLE CARDS ***
Dealt to Starstealer [6c 2d 8c Ts]
4 no trump: calls 20
painrelief: calls 20
foxplayer: calls 20
flop147: folds 
Starstealer: folds 
nummy: folds 
BigMikeB: calls 20
riggster: calls 10
jokerrrr: checks 
*** FLOP *** [Kh Jd 2h]
riggster: checks 
jokerrrr: checks 
4 no trump: bets 20
painrelief: folds 
foxplayer: folds 
BigMikeB: raises 20 to 40
riggster: calls 40
jokerrrr: calls 40
4 no trump: calls 20
*** TURN *** [Kh Jd 2h] [Ad]
riggster: checks 
jokerrrr: checks 
4 no trump: checks 
BigMikeB: bets 40
riggster: folds 
jokerrrr: calls 40
4 no trump: calls 40
*** RIVER *** [Kh Jd 2h Ad] [Kc]
jokerrrr: checks 
4 no trump: checks 
BigMikeB: bets 40
jokerrrr: calls 40
4 no trump: folds 
*** SHOW DOWN ***
BigMikeB: shows [7d Ks Qd Jh] (a full house, Kings full of Jacks)
jokerrrr: mucks hand 
BigMikeB collected 480 from  pot
*** SUMMARY ***
Total pot 480 | Rake 0 
Board [Kh Jd 2h Ad Kc]
Seat 1: Starstealer folded before Flop (didn't bet)
Seat 2: nummy folded before Flop (didn't bet)
Seat 3: BigMikeB (button) showed [7d Ks Qd Jh] and won (480) with a full house, Kings full of Jacks
Seat 4: riggster (small blind) folded on the Turn
Seat 5: jokerrrr (big blind) mucked [Kd 7c Qh 8h] - three of a kind, Kings
Seat 6: 4 no trump folded on the River
Seat 7: painrelief folded on the Flop
Seat 8: foxplayer folded on the Flop
Seat 9: flop147 folded before Flop (didn't bet)

*********** # 12 **************
PokerStars Game #136932801: Tournament #376043, Omaha Limit - Level II (30/60) - 2003/10/05 - 13:46:10 (ET)
Table '376043 28' Seat #4 is the button
Seat 1: Starstealer (2680 in chips) 
Seat 2: nummy (1330 in chips) 
Seat 3: BigMikeB (2350 in chips) 
Seat 4: riggster (1100 in chips) 
Seat 5: jokerrrr (620 in chips) 
Seat 6: 4 no trump (660 in chips) 
Seat 7: painrelief (880 in chips) 
Seat 8: foxplayer (960 in chips) 
Seat 9: flop147 (2440 in chips) 
jokerrrr: posts small blind 15
4 no trump: posts big blind 30
*** HOLE CARDS ***
Dealt to Starstealer [Jd Jc 2h 8s]
painrelief: folds 
foxplayer: calls 30
flop147: folds 
Starstealer: calls 30
nummy: folds 
BigMikeB: calls 30
riggster: calls 30
jokerrrr: calls 15
4 no trump: checks 
*** FLOP *** [As 3d Qd]
jokerrrr: checks 
4 no trump: checks 
foxplayer: checks 
Starstealer: checks 
BigMikeB: checks 
riggster: checks 
*** TURN *** [As 3d Qd] [8h]
jokerrrr: checks 
4 no trump: checks 
foxplayer: checks 
Starstealer: bets 60
BigMikeB: calls 60
riggster: calls 60
jokerrrr: folds 
4 no trump: folds 
foxplayer: calls 60
*** RIVER *** [As 3d Qd 8h] [7s]
foxplayer: checks 
Starstealer: bets 60
BigMikeB: calls 60
riggster: calls 60
foxplayer: folds 
*** SHOW DOWN ***
Starstealer: shows [Jd Jc 2h 8s] (a pair of Jacks)
BigMikeB: shows [Ac 4h 2d Jh] (a pair of Aces)
riggster: mucks hand 
BigMikeB collected 600 from  pot
*** SUMMARY ***
Total pot 600 | Rake 0 
Board [As 3d Qd 8h 7s]
Seat 1: Starstealer showed [Jd Jc 2h 8s] and lost with a pair of Jacks
Seat 2: nummy folded before Flop (didn't bet)
Seat 3: BigMikeB showed [Ac 4h 2d Jh] and won (600) with a pair of Aces
Seat 4: riggster (button) mucked [6s 2s Ad Ts] - a pair of Aces
Seat 5: jokerrrr (small blind) folded on the Turn
Seat 6: 4 no trump (big blind) folded on the Turn
Seat 7: painrelief folded before Flop (didn't bet)
Seat 8: foxplayer folded on the River
Seat 9: flop147 folded before Flop (didn't bet)

*********** # 13 **************
PokerStars Game #136933606: Tournament #376043, Omaha Limit - Level II (30/60) - 2003/10/05 - 13:47:18 (ET)
Table '376043 28' Seat #5 is the button
Seat 1: Starstealer (2530 in chips) 
Seat 2: nummy (1330 in chips) 
Seat 3: BigMikeB (2800 in chips) 
Seat 4: riggster (950 in chips) 
Seat 5: jokerrrr (590 in chips) 
Seat 6: 4 no trump (630 in chips) 
Seat 7: painrelief (880 in chips) 
Seat 8: foxplayer (870 in chips) 
Seat 9: flop147 (2440 in chips) 
4 no trump: posts small blind 15
painrelief: posts big blind 30
*** HOLE CARDS ***
Dealt to Starstealer [4d 3d Kh Jh]
foxplayer: calls 30
flop147: folds 
Starstealer: calls 30
nummy: calls 30
BigMikeB: calls 30
riggster: calls 30
jokerrrr: calls 30
4 no trump: calls 15
painrelief: checks 
*** FLOP *** [Kc As 7s]
4 no trump: checks 
painrelief: checks 
foxplayer: bets 30
Starstealer: folds 
nummy: folds 
BigMikeB: calls 30
riggster: calls 30
jokerrrr: calls 30
4 no trump: calls 30
painrelief: calls 30
*** TURN *** [Kc As 7s] [5s]
4 no trump: checks 
painrelief: bets 60
foxplayer: raises 60 to 120
BigMikeB: folds 
riggster: folds 
jokerrrr: folds 
4 no trump: folds 
painrelief: calls 60
*** RIVER *** [Kc As 7s 5s] [7c]
painrelief: checks 
foxplayer: bets 60
painrelief: calls 60
*** SHOW DOWN ***
foxplayer: shows [Ks 2s Ts 5h] (a flush, Ace high)
painrelief: mucks hand 
foxplayer collected 780 from  pot
*** SUMMARY ***
Total pot 780 | Rake 0 
Board [Kc As 7s 5s 7c]
Seat 1: Starstealer folded on the Flop
Seat 2: nummy folded on the Flop
Seat 3: BigMikeB folded on the Turn
Seat 4: riggster folded on the Turn
Seat 5: jokerrrr (button) folded on the Turn
Seat 6: 4 no trump (small blind) folded on the Turn
Seat 7: painrelief (big blind) mucked [8s 5d Qs Th] - a flush, Ace high
Seat 8: foxplayer showed [Ks 2s Ts 5h] and won (780) with a flush, Ace high
Seat 9: flop147 folded before Flop (didn't bet)

*********** # 14 **************
PokerStars Game #136934876: Tournament #376043, Omaha Limit - Level II (30/60) - 2003/10/05 - 13:49:06 (ET)
Table '376043 28' Seat #6 is the button
Seat 1: Starstealer (2500 in chips) 
Seat 2: nummy (1300 in chips) 
Seat 3: BigMikeB (2740 in chips) 
Seat 4: riggster (890 in chips) 
Seat 5: jokerrrr (530 in chips) 
Seat 6: 4 no trump (570 in chips) 
Seat 7: painrelief (640 in chips) 
Seat 8: foxplayer (1410 in chips) 
Seat 9: flop147 (2440 in chips) 
painrelief: posts small blind 15
foxplayer: posts big blind 30
*** HOLE CARDS ***
Dealt to Starstealer [2h 6s 5c Ah]
flop147: folds 
Starstealer: folds 
nummy: calls 30
BigMikeB: calls 30
riggster: calls 30
jokerrrr: folds 
4 no trump: folds 
painrelief: calls 15
foxplayer: checks 
*** FLOP *** [4c 7c 3h]
painrelief: checks 
foxplayer: checks 
nummy: checks 
BigMikeB: checks 
riggster: checks 
*** TURN *** [4c 7c 3h] [7d]
painrelief: checks 
foxplayer: bets 60
nummy: calls 60
BigMikeB: calls 60
riggster: raises 60 to 120
painrelief: folds 
foxplayer: calls 60
nummy: calls 60
BigMikeB: calls 60
*** RIVER *** [4c 7c 3h 7d] [Jh]
foxplayer: checks 
nummy: checks 
BigMikeB: checks 
riggster: bets 60
foxplayer: calls 60
nummy: folds 
BigMikeB: folds 
*** SHOW DOWN ***
riggster: shows [7h 5s Qs 8d] (three of a kind, Sevens)
foxplayer: shows [As Ks 7s Td] (three of a kind, Sevens - Ace kicker)
foxplayer collected 750 from  pot
*** SUMMARY ***
Total pot 750 | Rake 0 
Board [4c 7c 3h 7d Jh]
Seat 1: Starstealer folded before Flop (didn't bet)
Seat 2: nummy folded on the River
Seat 3: BigMikeB folded on the River
Seat 4: riggster showed [7h 5s Qs 8d] and lost with three of a kind, Sevens
Seat 5: jokerrrr folded before Flop (didn't bet)
Seat 6: 4 no trump (button) folded before Flop (didn't bet)
Seat 7: painrelief (small blind) folded on the Turn
Seat 8: foxplayer (big blind) showed [As Ks 7s Td] and won (750) with three of a kind, Sevens
Seat 9: flop147 folded before Flop (didn't bet)

*********** # 15 **************
PokerStars Game #136935674: Tournament #376043, Omaha Limit - Level II (30/60) - 2003/10/05 - 13:50:15 (ET)
Table '376043 28' Seat #7 is the button
Seat 1: Starstealer (2500 in chips) 
Seat 2: nummy (1150 in chips) 
Seat 3: BigMikeB (2590 in chips) 
Seat 4: riggster (680 in chips) 
Seat 5: jokerrrr (530 in chips) 
Seat 6: 4 no trump (570 in chips) 
Seat 7: painrelief (610 in chips) 
Seat 8: foxplayer (1950 in chips) 
Seat 9: flop147 (2440 in chips) 
foxplayer: posts small blind 15
flop147: posts big blind 30
*** HOLE CARDS ***
Dealt to Starstealer [Td 7h 3h Ad]
Starstealer: calls 30
nummy: calls 30
BigMikeB: folds 
riggster: calls 30
jokerrrr: calls 30
4 no trump: calls 30
painrelief: calls 30
foxplayer: calls 15
flop147: checks 
*** FLOP *** [5s Qh 5d]
foxplayer: checks 
flop147: checks 
Starstealer: checks 
nummy: bets 30
riggster: calls 30
jokerrrr: folds 
4 no trump: folds 
painrelief: calls 30
foxplayer: folds 
flop147: folds 
Starstealer: folds 
*** TURN *** [5s Qh 5d] [Th]
nummy: bets 60
riggster: calls 60
painrelief: calls 60
*** RIVER *** [5s Qh 5d Th] [3c]
nummy: bets 60
riggster: folds 
painrelief: folds 
nummy collected 510 from  pot
nummy: doesn't show hand 
*** SUMMARY ***
Total pot 510 | Rake 0 
Board [5s Qh 5d Th 3c]
Seat 1: Starstealer folded on the Flop
Seat 2: nummy collected (510)
Seat 3: BigMikeB folded before Flop (didn't bet)
Seat 4: riggster folded on the River
Seat 5: jokerrrr folded on the Flop
Seat 6: 4 no trump folded on the Flop
Seat 7: painrelief (button) folded on the River
Seat 8: foxplayer (small blind) folded on the Flop
Seat 9: flop147 (big blind) folded on the Flop

*********** # 16 **************
PokerStars Game #136936671: Tournament #376043, Omaha Limit - Level II (30/60) - 2003/10/05 - 13:51:40 (ET)
Table '376043 28' Seat #8 is the button
Seat 1: Starstealer (2470 in chips) 
Seat 2: nummy (1540 in chips) 
Seat 3: BigMikeB (2590 in chips) 
Seat 4: riggster (560 in chips) 
Seat 5: jokerrrr (500 in chips) 
Seat 6: 4 no trump (540 in chips) 
Seat 7: painrelief (490 in chips) 
Seat 8: foxplayer (1920 in chips) 
Seat 9: flop147 (2410 in chips) 
flop147: posts small blind 15
Starstealer: posts big blind 30
*** HOLE CARDS ***
Dealt to Starstealer [8d Qs 9s 9d]
nummy: calls 30
BigMikeB: calls 30
riggster: calls 30
jokerrrr: calls 30
4 no trump: calls 30
painrelief: calls 30
foxplayer: calls 30
flop147: folds 
Starstealer: checks 
*** FLOP *** [Kh 4c 8s]
Starstealer: checks 
nummy: checks 
BigMikeB: checks 
riggster: checks 
jokerrrr: checks 
4 no trump: checks 
painrelief: checks 
foxplayer: checks 
*** TURN *** [Kh 4c 8s] [5c]
Starstealer: checks 
nummy: checks 
BigMikeB: checks 
riggster: bets 60
jokerrrr: calls 60
4 no trump: calls 60
painrelief: calls 60
foxplayer: folds 
Starstealer: folds 
nummy: calls 60
BigMikeB: folds 
*** RIVER *** [Kh 4c 8s 5c] [8h]
nummy: checks 
riggster: bets 60
jokerrrr: folds 
4 no trump: folds 
painrelief: calls 60
nummy: folds 
*** SHOW DOWN ***
riggster: shows [Th 7h 5s 7d] (two pair, Eights and Sevens)
painrelief: shows [Kd 6s 5h 6d] (two pair, Kings and Eights)
painrelief collected 675 from  pot
*** SUMMARY ***
Total pot 675 | Rake 0 
Board [Kh 4c 8s 5c 8h]
Seat 1: Starstealer (big blind) folded on the Turn
Seat 2: nummy folded on the River
Seat 3: BigMikeB folded on the Turn
Seat 4: riggster showed [Th 7h 5s 7d] and lost with two pair, Eights and Sevens
Seat 5: jokerrrr folded on the River
Seat 6: 4 no trump folded on the River
Seat 7: painrelief showed [Kd 6s 5h 6d] and won (675) with two pair, Kings and Eights
Seat 8: foxplayer (button) folded on the Turn
Seat 9: flop147 (small blind) folded before Flop

*********** # 17 **************
PokerStars Game #136937695: Tournament #376043, Omaha Limit - Level II (30/60) - 2003/10/05 - 13:53:07 (ET)
Table '376043 28' Seat #9 is the button
Seat 1: Starstealer (2440 in chips) 
Seat 2: nummy (1450 in chips) 
Seat 3: BigMikeB (2560 in chips) 
Seat 4: riggster (410 in chips) 
Seat 5: jokerrrr (410 in chips) 
Seat 6: 4 no trump (450 in chips) 
Seat 7: painrelief (1015 in chips) 
Seat 8: foxplayer (1890 in chips) 
Seat 9: flop147 (2395 in chips) 
Starstealer: posts small blind 15
nummy: posts big blind 30
*** HOLE CARDS ***
Dealt to Starstealer [3d 2d 3s Kc]
BigMikeB: calls 30
riggster: calls 30
jokerrrr: folds 
4 no trump: raises 30 to 60
painrelief: calls 60
foxplayer: folds 
flop147: folds 
Starstealer: folds 
nummy: calls 30
BigMikeB: calls 30
riggster: calls 30
*** FLOP *** [8s Ts Qh]
nummy: checks 
BigMikeB: bets 30
riggster: calls 30
4 no trump: raises 30 to 60
painrelief: calls 60
nummy: calls 60
BigMikeB: calls 30
riggster: calls 30
*** TURN *** [8s Ts Qh] [7c]
nummy: checks 
BigMikeB: checks 
riggster: checks 
4 no trump: bets 60
painrelief: calls 60
nummy: calls 60
BigMikeB: calls 60
riggster: calls 60
*** RIVER *** [8s Ts Qh 7c] [Ah]
nummy: bets 60
BigMikeB: folds 
riggster: folds 
4 no trump: raises 60 to 120
riggster is sitting out
painrelief: calls 120
nummy: raises 60 to 180
4 no trump: calls 60
painrelief: calls 60
*** SHOW DOWN ***
nummy: shows [Kh 8c Jh 7h] (a straight, Ten to Ace)
4 no trump: mucks hand 
painrelief: mucks hand 
nummy collected 1455 from  pot
*** SUMMARY ***
Total pot 1455 | Rake 0 
Board [8s Ts Qh 7c Ah]
Seat 1: Starstealer (small blind) folded before Flop
Seat 2: nummy (big blind) showed [Kh 8c Jh 7h] and won (1455) with a straight, Ten to Ace
Seat 3: BigMikeB folded on the River
Seat 4: riggster folded on the River
Seat 5: jokerrrr folded before Flop (didn't bet)
Seat 6: 4 no trump mucked [Ad Ac 6s Kd] - three of a kind, Aces
Seat 7: painrelief mucked [As 7s Qc Jd] - two pair, Aces and Queens
Seat 8: foxplayer folded before Flop (didn't bet)
Seat 9: flop147 (button) folded before Flop (didn't bet)

*********** # 18 **************
PokerStars Game #136938855: Tournament #376043, Omaha Limit - Level II (30/60) - 2003/10/05 - 13:54:44 (ET)
Table '376043 28' Seat #1 is the button
Seat 1: Starstealer (2425 in chips) 
Seat 2: nummy (2545 in chips) 
Seat 3: BigMikeB (2380 in chips) 
Seat 4: riggster (230 in chips) is sitting out
Seat 5: jokerrrr (410 in chips) 
Seat 6: 4 no trump (90 in chips) 
Seat 7: painrelief (655 in chips) 
Seat 8: foxplayer (1890 in chips) 
Seat 9: flop147 (2395 in chips) 
nummy: posts small blind 15
BigMikeB: posts big blind 30
*** HOLE CARDS ***
Dealt to Starstealer [9d 5s 2d Ah]
riggster: folds 
jokerrrr: calls 30
4 no trump: folds 
painrelief: calls 30
foxplayer: calls 30
flop147: folds 
Starstealer: folds 
nummy: folds 
BigMikeB: raises 30 to 60
jokerrrr: calls 30
painrelief: calls 30
foxplayer: calls 30
*** FLOP *** [5h 5d 8d]
BigMikeB: bets 30
jokerrrr: raises 30 to 60
painrelief: calls 60
foxplayer: folds 
BigMikeB: calls 30
*** TURN *** [5h 5d 8d] [7s]
BigMikeB: checks 
jokerrrr: bets 60
painrelief: calls 60
BigMikeB: calls 60
*** RIVER *** [5h 5d 8d 7s] [Jh]
BigMikeB: checks 
jokerrrr: bets 60
painrelief: folds 
BigMikeB: calls 60
*** SHOW DOWN ***
jokerrrr: shows [Td 5c 8s Jd] (a full house, Fives full of Jacks)
BigMikeB: shows [Ts Js Kd Kc] (two pair, Kings and Fives)
jokerrrr collected 735 from  pot
*** SUMMARY ***
Total pot 735 | Rake 0 
Board [5h 5d 8d 7s Jh]
Seat 1: Starstealer (button) folded before Flop (didn't bet)
Seat 2: nummy (small blind) folded before Flop
Seat 3: BigMikeB (big blind) showed [Ts Js Kd Kc] and lost with two pair, Kings and Fives
Seat 4: riggster folded before Flop (didn't bet)
Seat 5: jokerrrr showed [Td 5c 8s Jd] and won (735) with a full house, Fives full of Jacks
Seat 6: 4 no trump folded before Flop (didn't bet)
Seat 7: painrelief folded on the River
Seat 8: foxplayer folded on the Flop
Seat 9: flop147 folded before Flop (didn't bet)

*********** # 19 **************
PokerStars Game #136939438: Tournament #376043, Omaha Limit - Level II (30/60) - 2003/10/05 - 13:55:35 (ET)
Table '376043 28' Seat #2 is the button
Seat 1: Starstealer (2425 in chips) 
Seat 2: nummy (2530 in chips) 
Seat 3: BigMikeB (2140 in chips) 
Seat 4: riggster (230 in chips) is sitting out
Seat 5: jokerrrr (905 in chips) 
Seat 6: 4 no trump (90 in chips) 
Seat 7: painrelief (475 in chips) 
Seat 8: foxplayer (1830 in chips) 
Seat 9: flop147 (2395 in chips) 
BigMikeB: posts small blind 15
riggster: posts big blind 30
*** HOLE CARDS ***
Dealt to Starstealer [6c Tc Qs 4h]
jokerrrr: calls 30
4 no trump: folds 
painrelief: calls 30
foxplayer: folds 
flop147: folds 
Starstealer: folds 
nummy: calls 30
BigMikeB: calls 15
riggster: folds 
*** FLOP *** [Jh 3c 7c]
BigMikeB: bets 30
jokerrrr: calls 30
painrelief: folds 
nummy: calls 30
*** TURN *** [Jh 3c 7c] [9d]
BigMikeB: checks 
jokerrrr: bets 60
nummy: calls 60
BigMikeB: raises 60 to 120
jokerrrr: calls 60
nummy: folds 
*** RIVER *** [Jh 3c 7c 9d] [3h]
BigMikeB: checks 
jokerrrr: checks 
*** SHOW DOWN ***
BigMikeB: shows [3s Kh 3d Th] (four of a kind, Threes)
jokerrrr: mucks hand 
BigMikeB collected 540 from  pot
*** SUMMARY ***
Total pot 540 | Rake 0 
Board [Jh 3c 7c 9d 3h]
Seat 1: Starstealer folded before Flop (didn't bet)
Seat 2: nummy (button) folded on the Turn
Seat 3: BigMikeB (small blind) showed [3s Kh 3d Th] and won (540) with four of a kind, Threes
Seat 4: riggster (big blind) folded before Flop
Seat 5: jokerrrr mucked [Jc 9s Qh 2h] - two pair, Jacks and Nines
Seat 6: 4 no trump folded before Flop (didn't bet)
Seat 7: painrelief folded on the Flop
Seat 8: foxplayer folded before Flop (didn't bet)
Seat 9: flop147 folded before Flop (didn't bet)

*********** # 20 **************
PokerStars Game #136940356: Tournament #376043, Omaha Limit - Level II (30/60) - 2003/10/05 - 13:56:55 (ET)
Table '376043 28' Seat #3 is the button
Seat 1: Starstealer (2425 in chips) 
Seat 2: nummy (2410 in chips) 
Seat 3: BigMikeB (2500 in chips) 
Seat 4: riggster (200 in chips) is sitting out
Seat 5: jokerrrr (725 in chips) 
Seat 6: 4 no trump (90 in chips) 
Seat 7: painrelief (445 in chips) 
Seat 8: foxplayer (1830 in chips) 
Seat 9: flop147 (2395 in chips) 
riggster: posts small blind 15
jokerrrr: posts big blind 30
*** HOLE CARDS ***
Dealt to Starstealer [Qc 2d 7c As]
4 no trump: calls 30
painrelief: calls 30
foxplayer: calls 30
flop147: folds 
Starstealer: calls 30
nummy: calls 30
BigMikeB: calls 30
riggster: folds 
jokerrrr: checks 
*** FLOP *** [3c 9c 8s]
jokerrrr: checks 
4 no trump: checks 
painrelief: checks 
foxplayer: checks 
Starstealer: bets 30
nummy: calls 30
BigMikeB: calls 30
jokerrrr: calls 30
4 no trump: calls 30
painrelief: calls 30
foxplayer: folds 
*** TURN *** [3c 9c 8s] [Ad]
jokerrrr: checks 
4 no trump: checks 
painrelief: checks 
Starstealer: bets 60
nummy: calls 60
BigMikeB: calls 60
jokerrrr: calls 60
4 no trump: calls 30 and is all-in
painrelief: calls 60
*** RIVER *** [3c 9c 8s Ad] [Ah]
jokerrrr: checks 
painrelief: checks 
Starstealer: bets 60
nummy: folds 
BigMikeB: folds 
jokerrrr: folds 
painrelief: folds 
*** SHOW DOWN ***
Starstealer: shows [Qc 2d 7c As] (three of a kind, Aces)
Starstealer collected 150 from side pot
4 no trump: shows [4d 5d Qh Jc] (a pair of Aces)
Starstealer collected 585 from main pot
*** SUMMARY ***
Total pot 735 Main pot 585. Side pot 150. | Rake 0 
Board [3c 9c 8s Ad Ah]
Seat 1: Starstealer showed [Qc 2d 7c As] and won (735) with three of a kind, Aces
Seat 2: nummy folded on the River
Seat 3: BigMikeB (button) folded on the River
Seat 4: riggster (small blind) folded before Flop
Seat 5: jokerrrr (big blind) folded on the River
Seat 6: 4 no trump showed [4d 5d Qh Jc] and lost with a pair of Aces
Seat 7: painrelief folded on the River
Seat 8: foxplayer folded on the Flop
Seat 9: flop147 folded before Flop (didn't bet)

*********** # 21 **************
PokerStars Game #136941524: Tournament #376043, Omaha Limit - Level II (30/60) - 2003/10/05 - 13:58:35 (ET)
Table '376043 28' Seat #4 is the button
Seat 1: Starstealer (3040 in chips) 
Seat 2: nummy (2290 in chips) 
Seat 3: BigMikeB (2380 in chips) 
Seat 4: riggster (185 in chips) is sitting out
Seat 5: jokerrrr (605 in chips) 
Seat 7: painrelief (325 in chips) 
Seat 8: foxplayer (1800 in chips) 
Seat 9: flop147 (2395 in chips) 
jokerrrr: posts small blind 15
painrelief: posts big blind 30
*** HOLE CARDS ***
Dealt to Starstealer [6d Qs 3c 6s]
foxplayer: folds 
flop147: folds 
Starstealer: folds 
nummy: folds 
BigMikeB: raises 30 to 60
riggster: folds 
jokerrrr: calls 45
painrelief: calls 30
*** FLOP *** [9h 8d 7h]
riggster has returned
jokerrrr: bets 30
painrelief: calls 30
BigMikeB: raises 30 to 60
jokerrrr: calls 30
painrelief: calls 30
*** TURN *** [9h 8d 7h] [Qd]
jokerrrr: checks 
painrelief: checks 
BigMikeB: bets 60
jokerrrr: calls 60
painrelief: calls 60
*** RIVER *** [9h 8d 7h Qd] [Jh]
jokerrrr: bets 60
painrelief: calls 60
BigMikeB: folds 
*** SHOW DOWN ***
jokerrrr: shows [Ac 9c 2h Ah] (a flush, Ace high)
painrelief: mucks hand 
jokerrrr collected 660 from  pot
*** SUMMARY ***
Total pot 660 | Rake 0 
Board [9h 8d 7h Qd Jh]
Seat 1: Starstealer folded before Flop (didn't bet)
Seat 2: nummy folded before Flop (didn't bet)
Seat 3: BigMikeB folded on the River
Seat 4: riggster (button) folded before Flop (didn't bet)
Seat 5: jokerrrr (small blind) showed [Ac 9c 2h Ah] and won (660) with a flush, Ace high
Seat 7: painrelief (big blind) mucked [6c Qh 7s Ts] - a straight, Eight to Queen
Seat 8: foxplayer folded before Flop (didn't bet)
Seat 9: flop147 folded before Flop (didn't bet)

*********** # 22 **************
PokerStars Game #136942255: Tournament #376043, Omaha Limit - Level II (30/60) - 2003/10/05 - 13:59:38 (ET)
Table '376043 28' Seat #5 is the button
Seat 1: Starstealer (3040 in chips) 
Seat 2: nummy (2290 in chips) 
Seat 3: BigMikeB (2200 in chips) 
Seat 4: riggster (185 in chips) 
Seat 5: jokerrrr (1025 in chips) 
Seat 7: painrelief (85 in chips) 
Seat 8: foxplayer (1800 in chips) 
Seat 9: flop147 (2395 in chips) 
painrelief: posts small blind 15
foxplayer: posts big blind 30
*** HOLE CARDS ***
Dealt to Starstealer [3h Jd 5s Tc]
flop147: folds 
Starstealer: folds 
nummy: folds 
BigMikeB: raises 30 to 60
riggster: calls 60
jokerrrr: calls 60
painrelief: raises 25 to 85 and is all-in
foxplayer: calls 55
BigMikeB: raises 5 to 90
riggster: calls 30
jokerrrr: calls 30
foxplayer: calls 5
*** FLOP *** [Td 8s Kc]
foxplayer: bets 30
BigMikeB: calls 30
riggster: calls 30
jokerrrr: calls 30
*** TURN *** [Td 8s Kc] [9h]
foxplayer: checks 
BigMikeB: bets 60
riggster: calls 60
jokerrrr: raises 60 to 120
foxplayer: calls 120
BigMikeB: calls 60
riggster: calls 5 and is all-in
*** RIVER *** [Td 8s Kc 9h] [4d]
foxplayer: checks 
BigMikeB: checks 
jokerrrr: bets 60
foxplayer: folds 
BigMikeB: calls 60
*** SHOW DOWN ***
jokerrrr: shows [3d Th Qs Jc] (a straight, Nine to King)
BigMikeB: mucks hand 
jokerrrr collected 285 from side pot-2 
riggster: mucks hand 
jokerrrr collected 400 from side pot-1 
painrelief: mucks hand 
jokerrrr collected 425 from main pot
*** SUMMARY ***
Total pot 1110 Main pot 425. Side pot-1 400. Side pot-2 285. | Rake 0 
Board [Td 8s Kc 9h 4d]
Seat 1: Starstealer folded before Flop (didn't bet)
Seat 2: nummy folded before Flop (didn't bet)
Seat 3: BigMikeB mucked [Ah As 4h 2h] - a pair of Aces
Seat 4: riggster mucked [6h 5d 6d 4c] - a pair of Sixes
Seat 5: jokerrrr (button) showed [3d Th Qs Jc] and won (1110) with a straight, Nine to King
Seat 7: painrelief (small blind) mucked [5h 2d 9c 7h] - a pair of Nines
Seat 8: foxplayer (big blind) folded on the River
Seat 9: flop147 folded before Flop (didn't bet)

*********** # 23 **************
PokerStars Game #136943080: Tournament #376043, Omaha Limit - Level III (50/100) - 2003/10/05 - 14:00:50 (ET)
Table '376043 28' Seat #8 is the button
Seat 1: Starstealer (3040 in chips) 
Seat 2: nummy (2290 in chips) 
Seat 3: BigMikeB (1900 in chips) 
Seat 4: Army Eye (1360 in chips) is sitting out
Seat 5: jokerrrr (1835 in chips) 
Seat 6: Mr.BB (1380 in chips) is sitting out
Seat 8: foxplayer (1560 in chips) 
Seat 9: flop147 (2395 in chips) 
flop147: posts small blind 25
Starstealer: posts big blind 50
*** HOLE CARDS ***
Dealt to Starstealer [Kh 3s 7d 2c]
nummy: folds 
BigMikeB: calls 50
Army Eye: folds 
jokerrrr: calls 50
Mr.BB: folds 
foxplayer: calls 50
flop147: calls 25
Starstealer: checks 
*** FLOP *** [2s Kd 4c]
flop147: bets 50
Starstealer: calls 50
BigMikeB: folds 
jokerrrr: calls 50
foxplayer: folds 
*** TURN *** [2s Kd 4c] [Ad]
flop147: bets 100
Starstealer: calls 100
jokerrrr: folds 
*** RIVER *** [2s Kd 4c Ad] [9c]
flop147: bets 100
Starstealer: calls 100
*** SHOW DOWN ***
flop147: shows [As 7c Ah Kc] (three of a kind, Aces)
Starstealer: mucks hand 
flop147 collected 800 from  pot
*** SUMMARY ***
Total pot 800 | Rake 0 
Board [2s Kd 4c Ad 9c]
Seat 1: Starstealer (big blind) mucked [Kh 3s 7d 2c] - two pair, Kings and Deuces
Seat 2: nummy folded before Flop (didn't bet)
Seat 3: BigMikeB folded on the Flop
Seat 4: Army Eye folded before Flop (didn't bet)
Seat 5: jokerrrr folded on the Turn
Seat 6: Mr.BB folded before Flop (didn't bet)
Seat 8: foxplayer (button) folded on the Flop
Seat 9: flop147 (small blind) showed [As 7c Ah Kc] and won (800) with three of a kind, Aces

*********** # 24 **************
PokerStars Game #136943656: Tournament #376043, Omaha Limit - Level III (50/100) - 2003/10/05 - 14:01:47 (ET)
Table '376043 28' Seat #9 is the button
Seat 1: Starstealer (2740 in chips) 
Seat 2: nummy (2290 in chips) 
Seat 3: BigMikeB (1850 in chips) 
Seat 4: Army Eye (1360 in chips) is sitting out
Seat 5: jokerrrr (1735 in chips) 
Seat 6: Mr.BB (1380 in chips) is sitting out
Seat 8: foxplayer (1510 in chips) 
Seat 9: flop147 (2895 in chips) 
Starstealer: posts small blind 25
nummy: posts big blind 50
*** HOLE CARDS ***
Dealt to Starstealer [8c 9s 5d 7d]
BigMikeB: folds 
Army Eye: folds 
jokerrrr: calls 50
Mr.BB: folds 
foxplayer: calls 50
flop147: folds 
Starstealer: folds 
nummy: checks 
*** FLOP *** [9h 7s Td]
nummy: checks 
jokerrrr: checks 
Brisco is connected 
foxplayer: checks 
*** TURN *** [9h 7s Td] [Jh]
nummy: checks 
jokerrrr: checks 
foxplayer: bets 100
nummy: folds 
jokerrrr: folds 
foxplayer collected 175 from  pot
foxplayer: doesn't show hand 
*** SUMMARY ***
Total pot 175 | Rake 0 
Board [9h 7s Td Jh]
Seat 1: Starstealer (small blind) folded before Flop
Seat 2: nummy (big blind) folded on the Turn
Seat 3: BigMikeB folded before Flop (didn't bet)
Seat 4: Army Eye folded before Flop (didn't bet)
Seat 5: jokerrrr folded on the Turn
Seat 6: Mr.BB folded before Flop (didn't bet)
Seat 8: foxplayer collected (175)
Seat 9: flop147 (button) folded before Flop (didn't bet)

*********** # 25 **************
PokerStars Game #136944222: Tournament #376043, Omaha Limit - Level III (50/100) - 2003/10/05 - 14:02:39 (ET)
Table '376043 28' Seat #1 is the button
Seat 1: Starstealer (2715 in chips) 
Seat 2: nummy (2240 in chips) 
Seat 3: BigMikeB (1850 in chips) 
Seat 4: Army Eye (1360 in chips) is sitting out
Seat 5: jokerrrr (1685 in chips) 
Seat 6: Mr.BB (1380 in chips) is sitting out
Seat 7: Brisco (640 in chips) 
Seat 8: foxplayer (1635 in chips) 
Seat 9: flop147 (2895 in chips) 
nummy: posts small blind 25
BigMikeB: posts big blind 50
*** HOLE CARDS ***
Dealt to Starstealer [Qd 8d 2d 6c]
Army Eye: folds 
jokerrrr: calls 50
Mr.BB: folds 
Brisco: calls 50
foxplayer: calls 50
flop147: folds 
Starstealer: folds 
nummy: calls 25
BigMikeB: checks 
*** FLOP *** [Ks 4h 8h]
nummy: checks 
BigMikeB: bets 50
jokerrrr: folds 
Brisco: calls 50
foxplayer: folds 
nummy: folds 
*** TURN *** [Ks 4h 8h] [Js]
BigMikeB: checks 
Brisco: checks 
*** RIVER *** [Ks 4h 8h Js] [3d]
BigMikeB: bets 100
Brisco: folds 
BigMikeB collected 350 from  pot
BigMikeB: doesn't show hand 
*** SUMMARY ***
Total pot 350 | Rake 0 
Board [Ks 4h 8h Js 3d]
Seat 1: Starstealer (button) folded before Flop (didn't bet)
Seat 2: nummy (small blind) folded on the Flop
Seat 3: BigMikeB (big blind) collected (350)
Seat 4: Army Eye folded before Flop (didn't bet)
Seat 5: jokerrrr folded on the Flop
Seat 6: Mr.BB folded before Flop (didn't bet)
Seat 7: Brisco folded on the River
Seat 8: foxplayer folded on the Flop
Seat 9: flop147 folded before Flop (didn't bet)

*********** # 26 **************
PokerStars Game #136944743: Tournament #376043, Omaha Limit - Level III (50/100) - 2003/10/05 - 14:03:31 (ET)
Table '376043 28' Seat #2 is the button
Seat 1: Starstealer (2715 in chips) 
Seat 2: nummy (2190 in chips) 
Seat 3: BigMikeB (2100 in chips) 
Seat 4: Army Eye (1360 in chips) is sitting out
Seat 5: jokerrrr (1635 in chips) 
Seat 6: Mr.BB (1380 in chips) is sitting out
Seat 7: Brisco (540 in chips) 
Seat 8: foxplayer (1585 in chips) 
Seat 9: flop147 (2895 in chips) 
BigMikeB: posts small blind 25
Army Eye: posts big blind 50
*** HOLE CARDS ***
Dealt to Starstealer [Td Jh 8d Ad]
jokerrrr: calls 50
Mr.BB: folds 
Brisco: calls 50
foxplayer: folds 
flop147: folds 
Starstealer: calls 50
nummy: calls 50
BigMikeB: calls 25
Army Eye: folds 
*** FLOP *** [Js Ks 2c]
BigMikeB: bets 50
jokerrrr: calls 50
Brisco: raises 50 to 100
Starstealer: folds 
nummy: folds 
BigMikeB: calls 50
jokerrrr: calls 50
*** TURN *** [Js Ks 2c] [9h]
BigMikeB: checks 
jokerrrr: checks 
Brisco: checks 
*** RIVER *** [Js Ks 2c 9h] [Qs]
BigMikeB: checks 
jokerrrr: bets 100
Brisco: calls 100
BigMikeB: calls 100
*** SHOW DOWN ***
jokerrrr: shows [8s Tc Jd 9c] (a straight, Nine to King)
Brisco: shows [2s As Kd 3h] (a flush, Ace high)
BigMikeB: mucks hand 
Brisco collected 900 from  pot
*** SUMMARY ***
Total pot 900 | Rake 0 
Board [Js Ks 2c 9h Qs]
Seat 1: Starstealer folded on the Flop
Seat 2: nummy (button) folded on the Flop
Seat 3: BigMikeB (small blind) mucked [4s 5c Ac 7s] - a flush, King high
Seat 4: Army Eye (big blind) folded before Flop
Seat 5: jokerrrr showed [8s Tc Jd 9c] and lost with a straight, Nine to King
Seat 6: Mr.BB folded before Flop (didn't bet)
Seat 7: Brisco showed [2s As Kd 3h] and won (900) with a flush, Ace high
Seat 8: foxplayer folded before Flop (didn't bet)
Seat 9: flop147 folded before Flop (didn't bet)

*********** # 27 **************
PokerStars Game #136945368: Tournament #376043, Omaha Limit - Level III (50/100) - 2003/10/05 - 14:04:28 (ET)
Table '376043 28' Seat #3 is the button
Seat 1: Starstealer (2665 in chips) 
Seat 2: nummy (2140 in chips) 
Seat 3: BigMikeB (1850 in chips) 
Seat 4: Army Eye (1310 in chips) is sitting out
Seat 5: jokerrrr (1385 in chips) 
Seat 6: Mr.BB (1380 in chips) is sitting out
Seat 7: Brisco (1190 in chips) 
Seat 8: foxplayer (1585 in chips) 
Seat 9: flop147 (2895 in chips) 
Army Eye: posts small blind 25
jokerrrr: posts big blind 50
*** HOLE CARDS ***
Dealt to Starstealer [5s 6h 7c 5c]
Mr.BB: folds 
Brisco: calls 50
foxplayer: calls 50
flop147: folds 
Starstealer: calls 50
nummy: calls 50
BigMikeB: calls 50
Army Eye: folds 
jokerrrr: checks 
*** FLOP *** [Tc Ts Jh]
jokerrrr: checks 
Brisco: checks 
foxplayer: checks 
Starstealer: checks 
nummy: checks 
BigMikeB: checks 
*** TURN *** [Tc Ts Jh] [Qc]
jokerrrr: checks 
Brisco: checks 
foxplayer: bets 100
Starstealer: folds 
nummy: calls 100
BigMikeB: folds 
jokerrrr: folds 
Brisco: calls 100
*** RIVER *** [Tc Ts Jh Qc] [2s]
Brisco: checks 
foxplayer: bets 100
nummy: calls 100
Brisco: calls 100
*** SHOW DOWN ***
foxplayer: shows [9c 8d 5d Jd] (a straight, Eight to Queen)
nummy: shows [Kh 2h Ks 9s] (a straight, Nine to King)
Brisco: mucks hand 
nummy collected 925 from  pot
*** SUMMARY ***
Total pot 925 | Rake 0 
Board [Tc Ts Jh Qc 2s]
Seat 1: Starstealer folded on the Turn
Seat 2: nummy showed [Kh 2h Ks 9s] and won (925) with a straight, Nine to King
Seat 3: BigMikeB (button) folded on the Turn
Seat 4: Army Eye (small blind) folded before Flop
Seat 5: jokerrrr (big blind) folded on the Turn
Seat 6: Mr.BB folded before Flop (didn't bet)
Seat 7: Brisco mucked [7h Ah 7s 2c] - two pair, Tens and Sevens
Seat 8: foxplayer showed [9c 8d 5d Jd] and lost with a straight, Eight to Queen
Seat 9: flop147 folded before Flop (didn't bet)

*********** # 28 **************
PokerStars Game #136946183: Tournament #376043, Omaha Limit - Level III (50/100) - 2003/10/05 - 14:05:47 (ET)
Table '376043 28' Seat #4 is the button
Seat 1: Starstealer (2615 in chips) 
Seat 2: nummy (2815 in chips) 
Seat 3: BigMikeB (1800 in chips) 
Seat 4: Army Eye (1285 in chips) is sitting out
Seat 5: jokerrrr (1335 in chips) 
Seat 6: Mr.BB (1380 in chips) is sitting out
Seat 7: Brisco (940 in chips) 
Seat 8: foxplayer (1335 in chips) 
Seat 9: flop147 (2895 in chips) 
jokerrrr: posts small blind 25
Mr.BB: posts big blind 50
*** HOLE CARDS ***
Dealt to Starstealer [7s Tc 7c Qh]
Brisco: calls 50
foxplayer: folds 
flop147: folds 
Starstealer: folds 
nummy: folds 
BigMikeB: calls 50
Army Eye: folds 
jokerrrr: calls 25
Mr.BB: folds 
*** FLOP *** [3c 9c 2h]
jokerrrr: checks 
Brisco: checks 
Mr.BB is connected 
BigMikeB: bets 50
Mr.BB has returned
jokerrrr: folds 
Brisco: calls 50
*** TURN *** [3c 9c 2h] [8d]
Brisco: checks 
BigMikeB: bets 100
Brisco: calls 100
*** RIVER *** [3c 9c 2h 8d] [9s]
Brisco: checks 
BigMikeB: bets 100
Brisco: calls 100
*** SHOW DOWN ***
BigMikeB: shows [9h 2c As 6h] (a full house, Nines full of Deuces)
Brisco: mucks hand 
BigMikeB collected 700 from  pot
*** SUMMARY ***
Total pot 700 | Rake 0 
Board [3c 9c 2h 8d 9s]
Seat 1: Starstealer folded before Flop (didn't bet)
Seat 2: nummy folded before Flop (didn't bet)
Seat 3: BigMikeB showed [9h 2c As 6h] and won (700) with a full house, Nines full of Deuces
Seat 4: Army Eye (button) folded before Flop (didn't bet)
Seat 5: jokerrrr (small blind) folded on the Flop
Seat 6: Mr.BB (big blind) folded before Flop
Seat 7: Brisco mucked [Jc Qs Ad 6d] - a pair of Nines
Seat 8: foxplayer folded before Flop (didn't bet)
Seat 9: flop147 folded before Flop (didn't bet)

*********** # 29 **************
PokerStars Game #136946712: Tournament #376043, Omaha Limit - Level III (50/100) - 2003/10/05 - 14:06:37 (ET)
Table '376043 28' Seat #5 is the button
Seat 1: Starstealer (2615 in chips) 
Seat 2: nummy (2815 in chips) 
Seat 3: BigMikeB (2200 in chips) 
Seat 4: Army Eye (1285 in chips) is sitting out
Seat 5: jokerrrr (1285 in chips) 
Seat 6: Mr.BB (1330 in chips) 
Seat 7: Brisco (640 in chips) 
Seat 8: foxplayer (1335 in chips) 
Seat 9: flop147 (2895 in chips) 
Mr.BB: posts small blind 25
Brisco: posts big blind 50
*** HOLE CARDS ***
Dealt to Starstealer [Js 9d 5d Th]
foxplayer: calls 50
flop147: folds 
Starstealer: folds 
nummy: folds 
BigMikeB: calls 50
Army Eye: folds 
jokerrrr: calls 50
Mr.BB: folds 
Brisco: checks 
*** FLOP *** [8h Ks 2d]
Brisco: checks 
foxplayer: checks 
BigMikeB: checks 
jokerrrr: checks 
*** TURN *** [8h Ks 2d] [Kh]
Brisco: checks 
foxplayer: checks 
BigMikeB: checks 
jokerrrr: bets 100
Brisco: folds 
foxplayer: folds 
BigMikeB: calls 100
*** RIVER *** [8h Ks 2d Kh] [7s]
BigMikeB: checks 
jokerrrr: bets 100
BigMikeB: calls 100
*** SHOW DOWN ***
jokerrrr: shows [2h Jc Jd 7h] (two pair, Kings and Jacks)
BigMikeB: mucks hand 
jokerrrr collected 625 from  pot
*** SUMMARY ***
Total pot 625 | Rake 0 
Board [8h Ks 2d Kh 7s]
Seat 1: Starstealer folded before Flop (didn't bet)
Seat 2: nummy folded before Flop (didn't bet)
Seat 3: BigMikeB mucked [9s Td 8c Ad] - two pair, Kings and Eights
Seat 4: Army Eye folded before Flop (didn't bet)
Seat 5: jokerrrr (button) showed [2h Jc Jd 7h] and won (625) with two pair, Kings and Jacks
Seat 6: Mr.BB (small blind) folded before Flop
Seat 7: Brisco (big blind) folded on the Turn
Seat 8: foxplayer folded on the Turn
Seat 9: flop147 folded before Flop (didn't bet)

*********** # 30 **************
PokerStars Game #136947390: Tournament #376043, Omaha Limit - Level III (50/100) - 2003/10/05 - 14:07:30 (ET)
Table '376043 28' Seat #6 is the button
Seat 1: Starstealer (2615 in chips) 
Seat 2: nummy (2815 in chips) 
Seat 3: BigMikeB (1950 in chips) 
Seat 4: Army Eye (1285 in chips) is sitting out
Seat 5: jokerrrr (1660 in chips) 
Seat 6: Mr.BB (1305 in chips) 
Seat 7: Brisco (590 in chips) 
Seat 8: foxplayer (1285 in chips) 
Seat 9: flop147 (2895 in chips) 
Brisco: posts small blind 25
foxplayer: posts big blind 50
*** HOLE CARDS ***
Dealt to Starstealer [Ks 2d 7c Ad]
flop147: raises 50 to 100
Starstealer: folds 
nummy: folds 
BigMikeB: calls 100
Army Eye: folds 
jokerrrr: calls 100
Mr.BB has timed out
Mr.BB: folds 
Mr.BB is sitting out
Brisco: calls 75
foxplayer: calls 50
*** FLOP *** [4s 6d 5s]
Brisco: checks 
Mr.BB has returned
foxplayer: checks 
flop147: checks 
BigMikeB: checks 
jokerrrr: checks 
*** TURN *** [4s 6d 5s] [3c]
Brisco: checks 
foxplayer: bets 100
flop147: folds 
BigMikeB: calls 100
jokerrrr: calls 100
Brisco: folds 
*** RIVER *** [4s 6d 5s 3c] [Ac]
foxplayer: bets 100
BigMikeB: folds 
jokerrrr: folds 
foxplayer collected 800 from  pot
foxplayer: doesn't show hand 
*** SUMMARY ***
Total pot 800 | Rake 0 
Board [4s 6d 5s 3c Ac]
Seat 1: Starstealer folded before Flop (didn't bet)
Seat 2: nummy folded before Flop (didn't bet)
Seat 3: BigMikeB folded on the River
Seat 4: Army Eye folded before Flop (didn't bet)
Seat 5: jokerrrr folded on the River
Seat 6: Mr.BB (button) folded before Flop (didn't bet)
Seat 7: Brisco (small blind) folded on the Turn
Seat 8: foxplayer (big blind) collected (800)
Seat 9: flop147 folded on the Turn

*********** # 31 **************
PokerStars Game #136948400: Tournament #376043, Omaha Limit - Level III (50/100) - 2003/10/05 - 14:09:00 (ET)
Table '376043 28' Seat #7 is the button
Seat 1: Starstealer (2615 in chips) 
Seat 2: nummy (2815 in chips) 
Seat 3: BigMikeB (1750 in chips) 
Seat 4: Army Eye (1285 in chips) is sitting out
Seat 5: jokerrrr (1460 in chips) 
Seat 6: Mr.BB (1305 in chips) 
Seat 7: Brisco (490 in chips) 
Seat 8: foxplayer (1885 in chips) 
Seat 9: flop147 (2795 in chips) 
foxplayer: posts small blind 25
flop147: posts big blind 50
*** HOLE CARDS ***
Dealt to Starstealer [Ts Kc Qh 6s]
Starstealer: calls 50
nummy: calls 50
BigMikeB: calls 50
Army Eye: folds 
jokerrrr: calls 50
Mr.BB: raises 50 to 100
Brisco: calls 100
foxplayer: calls 75
flop147: folds 
Starstealer: calls 50
nummy: calls 50
BigMikeB: calls 50
jokerrrr: calls 50
*** FLOP *** [4s 7h 8s]
foxplayer: bets 50
Starstealer: folds 
nummy: folds 
BigMikeB: calls 50
jokerrrr: raises 50 to 100
Mr.BB: folds 
Brisco: calls 100
foxplayer: calls 50
BigMikeB: calls 50
*** TURN *** [4s 7h 8s] [Jd]
foxplayer: checks 
BigMikeB: bets 100
jokerrrr: raises 100 to 200
Brisco: raises 90 to 290 and is all-in
foxplayer: calls 290
BigMikeB: calls 190
jokerrrr: calls 90
*** RIVER *** [4s 7h 8s Jd] [5h]
foxplayer: checks 
BigMikeB: checks 
jokerrrr: checks 
*** SHOW DOWN ***
foxplayer: shows [Qd 7d 4c 4h] (three of a kind, Fours)
BigMikeB: shows [Kd 2h 7s 7c] (three of a kind, Sevens)
jokerrrr: shows [5d 6d 6c Th] (a straight, Four to Eight)
Brisco: mucks hand 
jokerrrr collected 2310 from  pot
*** SUMMARY ***
Total pot 2310 | Rake 0 
Board [4s 7h 8s Jd 5h]
Seat 1: Starstealer folded on the Flop
Seat 2: nummy folded on the Flop
Seat 3: BigMikeB showed [Kd 2h 7s 7c] and lost with three of a kind, Sevens
Seat 4: Army Eye folded before Flop (didn't bet)
Seat 5: jokerrrr showed [5d 6d 6c Th] and won (2310) with a straight, Four to Eight
Seat 6: Mr.BB folded on the Flop
Seat 7: Brisco (button) mucked [Tc Jh 2d Jc] - three of a kind, Jacks
Seat 8: foxplayer (small blind) showed [Qd 7d 4c 4h] and lost with three of a kind, Fours
Seat 9: flop147 (big blind) folded before Flop

*********** # 32 **************
PokerStars Game #136949630: Tournament #376043, Omaha Limit - Level III (50/100) - 2003/10/05 - 14:10:40 (ET)
Table '376043 28' Seat #8 is the button
Seat 1: Starstealer (2515 in chips) 
Seat 2: nummy (2715 in chips) 
Seat 3: BigMikeB (1260 in chips) 
Seat 4: Army Eye (1285 in chips) is sitting out
Seat 5: jokerrrr (3280 in chips) 
Seat 6: Mr.BB (1205 in chips) 
Seat 8: foxplayer (1395 in chips) 
Seat 9: flop147 (2745 in chips) 
flop147: posts small blind 25
Starstealer: posts big blind 50
*** HOLE CARDS ***
Dealt to Starstealer [6s 8c 7s 7h]
nummy: folds 
BigMikeB: calls 50
Army Eye: folds 
kaiman is connected 
jokerrrr: calls 50
Mr.BB: folds 
foxplayer: calls 50
flop147: folds 
Starstealer: checks 
*** FLOP *** [Ah Kd As]
Starstealer: checks 
BigMikeB: checks 
jokerrrr: checks 
foxplayer: checks 
*** TURN *** [Ah Kd As] [5d]
Starstealer: checks 
BigMikeB: bets 100
jokerrrr: calls 100
foxplayer: calls 100
Starstealer: folds 
*** RIVER *** [Ah Kd As 5d] [6c]
BigMikeB: bets 100
jokerrrr: folds 
foxplayer: folds 
BigMikeB collected 525 from  pot
BigMikeB: doesn't show hand 
*** SUMMARY ***
Total pot 525 | Rake 0 
Board [Ah Kd As 5d 6c]
Seat 1: Starstealer (big blind) folded on the Turn
Seat 2: nummy folded before Flop (didn't bet)
Seat 3: BigMikeB collected (525)
Seat 4: Army Eye folded before Flop (didn't bet)
Seat 5: jokerrrr folded on the River
Seat 6: Mr.BB folded before Flop (didn't bet)
Seat 8: foxplayer (button) folded on the River
Seat 9: flop147 (small blind) folded before Flop

*********** # 33 **************
PokerStars Game #136950384: Tournament #376043, Omaha Limit - Level III (50/100) - 2003/10/05 - 14:11:43 (ET)
Table '376043 28' Seat #9 is the button
Seat 1: Starstealer (2465 in chips) 
Seat 2: nummy (2715 in chips) 
Seat 3: BigMikeB (1635 in chips) 
Seat 4: Army Eye (1285 in chips) is sitting out
Seat 5: jokerrrr (3130 in chips) 
Seat 6: Mr.BB (1205 in chips) 
Seat 7: kaiman (1610 in chips) 
Seat 8: foxplayer (1245 in chips) 
Seat 9: flop147 (2720 in chips) 
Starstealer: posts small blind 25
nummy: posts big blind 50
*** HOLE CARDS ***
Dealt to Starstealer [2h Td 4s 2d]
BigMikeB: calls 50
Army Eye: folds 
jokerrrr: folds 
Mr.BB: folds 
kaiman: raises 50 to 100
foxplayer: calls 100
flop147: folds 
Starstealer: folds 
nummy: calls 50
BigMikeB: calls 50
*** FLOP *** [3d 3s 3c]
nummy: checks 
BigMikeB: checks 
kaiman: bets 50
foxplayer: folds 
nummy: calls 50
BigMikeB: calls 50
*** TURN *** [3d 3s 3c] [Ks]
nummy: checks 
BigMikeB: bets 100
kaiman: raises 100 to 200
nummy: folds 
BigMikeB: calls 100
*** RIVER *** [3d 3s 3c Ks] [6s]
BigMikeB: checks 
kaiman: bets 100
BigMikeB: calls 100
*** SHOW DOWN ***
kaiman: shows [Ac 7c Ad Jh] (a full house, Threes full of Aces)
BigMikeB: mucks hand 
kaiman collected 1175 from  pot
*** SUMMARY ***
Total pot 1175 | Rake 0 
Board [3d 3s 3c Ks 6s]
Seat 1: Starstealer (small blind) folded before Flop
Seat 2: nummy (big blind) folded on the Turn
Seat 3: BigMikeB mucked [Qh Ah Kc 2s] - three of a kind, Threes
Seat 4: Army Eye folded before Flop (didn't bet)
Seat 5: jokerrrr folded before Flop (didn't bet)
Seat 6: Mr.BB folded before Flop (didn't bet)
Seat 7: kaiman showed [Ac 7c Ad Jh] and won (1175) with a full house, Threes full of Aces
Seat 8: foxplayer folded on the Flop
Seat 9: flop147 (button) folded before Flop (didn't bet)

*********** # 34 **************
PokerStars Game #136951071: Tournament #376043, Omaha Limit - Level III (50/100) - 2003/10/05 - 14:12:40 (ET)
Table '376043 28' Seat #1 is the button
Seat 1: Starstealer (2440 in chips) 
Seat 2: nummy (2565 in chips) 
Seat 3: BigMikeB (1185 in chips) 
Seat 4: Army Eye (1285 in chips) is sitting out
Seat 5: jokerrrr (3130 in chips) 
Seat 6: Mr.BB (1205 in chips) 
Seat 7: kaiman (2335 in chips) 
Seat 8: foxplayer (1145 in chips) 
Seat 9: flop147 (2720 in chips) 
nummy: posts small blind 25
BigMikeB: posts big blind 50
*** HOLE CARDS ***
Dealt to Starstealer [5d Th Js Ah]
Army Eye: folds 
jokerrrr: folds 
Mr.BB: raises 50 to 100
kaiman: folds 
foxplayer: folds 
flop147: folds 
Starstealer: calls 100
nummy: folds 
BigMikeB: calls 50
*** FLOP *** [5h 2s 5c]
BigMikeB: bets 50
Mr.BB: calls 50
Starstealer: raises 50 to 100
BigMikeB: raises 50 to 150
Mr.BB: folds 
Starstealer: calls 50
*** TURN *** [5h 2s 5c] [6h]
BigMikeB: bets 100
Starstealer: calls 100
*** RIVER *** [5h 2s 5c 6h] [9c]
BigMikeB: bets 100
Starstealer: calls 100
*** SHOW DOWN ***
BigMikeB: shows [4h 4d 8d Ac] (two pair, Fives and Fours)
Starstealer: shows [5d Th Js Ah] (three of a kind, Fives)
Starstealer collected 1075 from  pot
*** SUMMARY ***
Total pot 1075 | Rake 0 
Board [5h 2s 5c 6h 9c]
Seat 1: Starstealer (button) showed [5d Th Js Ah] and won (1075) with three of a kind, Fives
Seat 2: nummy (small blind) folded before Flop
Seat 3: BigMikeB (big blind) showed [4h 4d 8d Ac] and lost with two pair, Fives and Fours
Seat 4: Army Eye folded before Flop (didn't bet)
Seat 5: jokerrrr folded before Flop (didn't bet)
Seat 6: Mr.BB folded on the Flop
Seat 7: kaiman folded before Flop (didn't bet)
Seat 8: foxplayer folded before Flop (didn't bet)
Seat 9: flop147 folded before Flop (didn't bet)

*********** # 35 **************
PokerStars Game #136951859: Tournament #376043, Omaha Limit - Level III (50/100) - 2003/10/05 - 14:13:44 (ET)
Table '376043 28' Seat #2 is the button
Seat 1: Starstealer (3065 in chips) 
Seat 2: nummy (2540 in chips) 
Seat 3: BigMikeB (735 in chips) 
Seat 4: Army Eye (1285 in chips) is sitting out
Seat 5: jokerrrr (3130 in chips) 
Seat 6: Mr.BB (1055 in chips) 
Seat 7: kaiman (2335 in chips) 
Seat 8: foxplayer (1145 in chips) 
Seat 9: flop147 (2720 in chips) 
BigMikeB: posts small blind 25
Army Eye: posts big blind 50
*** HOLE CARDS ***
Dealt to Starstealer [5h 4c 6h Js]
jokerrrr: calls 50
Mr.BB: calls 50
kaiman: folds 
foxplayer: folds 
flop147: folds 
Starstealer: folds 
nummy: folds 
BigMikeB: raises 50 to 100
Army Eye: folds 
jokerrrr: calls 50
Mr.BB: raises 50 to 150
BigMikeB: raises 50 to 200
Betting is capped
jokerrrr: calls 100
Mr.BB: calls 50
*** FLOP *** [Kd 5s 3s]
BigMikeB: bets 50
jokerrrr: folds 
Mr.BB: raises 50 to 100
BigMikeB: raises 50 to 150
Mr.BB: raises 50 to 200
Betting is capped
BigMikeB: calls 50
*** TURN *** [Kd 5s 3s] [2c]
BigMikeB: bets 100
Mr.BB said, "give me the rest"
Mr.BB is disconnected 
Mr.BB has timed out while disconnected
Mr.BB: folds 
Mr.BB is sitting out
BigMikeB collected 1050 from  pot
BigMikeB: doesn't show hand 
*** SUMMARY ***
Total pot 1050 | Rake 0 
Board [Kd 5s 3s 2c]
Seat 1: Starstealer folded before Flop (didn't bet)
Seat 2: nummy (button) folded before Flop (didn't bet)
Seat 3: BigMikeB (small blind) collected (1050)
Seat 4: Army Eye (big blind) folded before Flop
Seat 5: jokerrrr folded on the Flop
Seat 6: Mr.BB folded on the Turn
Seat 7: kaiman folded before Flop (didn't bet)
Seat 8: foxplayer folded before Flop (didn't bet)
Seat 9: flop147 folded before Flop (didn't bet)

*********** # 36 **************
PokerStars Game #136953468: Tournament #376043, Omaha Limit - Level IV (100/200) - 2003/10/05 - 14:15:59 (ET)
Table '376043 28' Seat #3 is the button
Seat 1: Starstealer (3065 in chips) 
Seat 2: nummy (2540 in chips) 
Seat 3: BigMikeB (1385 in chips) 
Seat 4: Army Eye (1235 in chips) is sitting out
Seat 5: jokerrrr (2930 in chips) 
Seat 6: Mr.BB (655 in chips) is sitting out
Seat 7: kaiman (2335 in chips) 
Seat 8: foxplayer (1145 in chips) 
Seat 9: flop147 (2720 in chips) 
Army Eye: posts small blind 50
jokerrrr: posts big blind 100
*** HOLE CARDS ***
Dealt to Starstealer [7d 3s Tc 9c]
Mr.BB: folds 
kaiman: folds 
foxplayer: calls 100
flop147: calls 100
Starstealer: folds 
nummy: calls 100
BigMikeB: folds 
Army Eye: folds 
jokerrrr: checks 
*** FLOP *** [Kd 5c 5d]
jokerrrr: checks 
foxplayer: checks 
flop147: checks 
nummy: checks 
*** TURN *** [Kd 5c 5d] [8d]
jokerrrr: bets 200
foxplayer: folds 
flop147: folds 
nummy: calls 200
*** RIVER *** [Kd 5c 5d 8d] [2c]
jokerrrr: bets 200
nummy: calls 200
*** SHOW DOWN ***
jokerrrr: shows [8h As 2d 9d] (a flush, King high)
nummy: mucks hand 
jokerrrr collected 1250 from  pot
*** SUMMARY ***
Total pot 1250 | Rake 0 
Board [Kd 5c 5d 8d 2c]
Seat 1: Starstealer folded before Flop (didn't bet)
Seat 2: nummy mucked [Th Td 7h 6c] - two pair, Tens and Fives
Seat 3: BigMikeB (button) folded before Flop (didn't bet)
Seat 4: Army Eye (small blind) folded before Flop
Seat 5: jokerrrr (big blind) showed [8h As 2d 9d] and won (1250) with a flush, King high
Seat 6: Mr.BB folded before Flop (didn't bet)
Seat 7: kaiman folded before Flop (didn't bet)
Seat 8: foxplayer folded on the Turn
Seat 9: flop147 folded on the Turn

*********** # 37 **************
PokerStars Game #136954031: Tournament #376043, Omaha Limit - Level IV (100/200) - 2003/10/05 - 14:16:46 (ET)
Table '376043 28' Seat #4 is the button
Seat 1: Starstealer (3065 in chips) 
Seat 2: nummy (2040 in chips) 
Seat 3: BigMikeB (1385 in chips) 
Seat 4: Army Eye (1185 in chips) is sitting out
Seat 5: jokerrrr (3680 in chips) 
Seat 6: Mr.BB (655 in chips) is sitting out
Seat 7: kaiman (2335 in chips) 
Seat 8: foxplayer (1045 in chips) 
Seat 9: flop147 (2620 in chips) 
jokerrrr: posts small blind 50
Mr.BB: posts big blind 100
*** HOLE CARDS ***
Dealt to Starstealer [2d 2c 9c Qc]
kaiman: raises 100 to 200
foxplayer: calls 200
flop147: folds 
Starstealer: folds 
nummy: folds 
BigMikeB: calls 200
Army Eye: folds 
jokerrrr: folds 
Mr.BB: folds 
*** FLOP *** [Kc 4d Ac]
kaiman: checks 
foxplayer: checks 
BigMikeB: checks 
*** TURN *** [Kc 4d Ac] [9h]
kaiman: bets 200
foxplayer: calls 200
BigMikeB: calls 200
*** RIVER *** [Kc 4d Ac 9h] [4s]
kaiman: bets 200
foxplayer: calls 200
BigMikeB: folds 
*** SHOW DOWN ***
kaiman: shows [As Ad Kh Td] (a full house, Aces full of Fours)
foxplayer: mucks hand 
kaiman collected 1750 from  pot
*** SUMMARY ***
Total pot 1750 | Rake 0 
Board [Kc 4d Ac 9h 4s]
Seat 1: Starstealer folded before Flop (didn't bet)
Seat 2: nummy folded before Flop (didn't bet)
Seat 3: BigMikeB folded on the River
Seat 4: Army Eye (button) folded before Flop (didn't bet)
Seat 5: jokerrrr (small blind) folded before Flop
Seat 6: Mr.BB (big blind) folded before Flop
Seat 7: kaiman showed [As Ad Kh Td] and won (1750) with a full house, Aces full of Fours
Seat 8: foxplayer mucked [Qh Ah 5h 6d] - two pair, Aces and Fours
Seat 9: flop147 folded before Flop (didn't bet)

*********** # 38 **************
PokerStars Game #136954556: Tournament #376043, Omaha Limit - Level IV (100/200) - 2003/10/05 - 14:17:28 (ET)
Table '376043 28' Seat #5 is the button
Seat 1: Starstealer (3065 in chips) 
Seat 2: nummy (2040 in chips) 
Seat 3: BigMikeB (985 in chips) 
Seat 5: jokerrrr (3630 in chips) 
Seat 6: Mr.BB (555 in chips) is sitting out
Seat 7: kaiman (3485 in chips) 
Seat 8: foxplayer (445 in chips) 
Seat 9: flop147 (2620 in chips) 
Mr.BB: posts small blind 50
kaiman: posts big blind 100
*** HOLE CARDS ***
Dealt to Starstealer [Ts 2s Js Tc]
foxplayer: calls 100
flop147: folds 
Starstealer: folds 
nummy: folds 
BigMikeB: calls 100
jokerrrr: folds 
Mr.BB: folds 
kaiman: folds 
*** FLOP *** [Jc Jd 5c]
foxplayer: checks 
BigMikeB: checks 
*** TURN *** [Jc Jd 5c] [3c]
foxplayer: checks 
BigMikeB: bets 200
foxplayer: folds 
BigMikeB collected 350 from  pot
BigMikeB: doesn't show hand 
*** SUMMARY ***
Total pot 350 | Rake 0 
Board [Jc Jd 5c 3c]
Seat 1: Starstealer folded before Flop (didn't bet)
Seat 2: nummy folded before Flop (didn't bet)
Seat 3: BigMikeB collected (350)
Seat 5: jokerrrr (button) folded before Flop (didn't bet)
Seat 6: Mr.BB (small blind) folded before Flop
Seat 7: kaiman (big blind) folded before Flop
Seat 8: foxplayer folded on the Turn
Seat 9: flop147 folded before Flop (didn't bet)

*********** # 39 **************
PokerStars Game #136954968: Tournament #376043, Omaha Limit - Level IV (100/200) - 2003/10/05 - 14:18:04 (ET)
Table '376043 28' Seat #6 is the button
Seat 1: Starstealer (3065 in chips) 
Seat 2: nummy (2040 in chips) 
Seat 3: BigMikeB (1235 in chips) 
Seat 5: jokerrrr (3630 in chips) 
Seat 6: Mr.BB (505 in chips) is sitting out
Seat 7: kaiman (3385 in chips) 
Seat 8: foxplayer (345 in chips) 
Seat 9: flop147 (2620 in chips) 
kaiman: posts small blind 50
foxplayer: posts big blind 100
*** HOLE CARDS ***
Dealt to Starstealer [Qs 5c Kc 9s]
flop147: folds 
Starstealer: calls 100
nummy: calls 100
BigMikeB: calls 100
jokerrrr: calls 100
Mr.BB: folds 
kaiman: folds 
foxplayer: checks 
*** FLOP *** [2s Tc 8c]
foxplayer: checks 
diggerrr is connected 
Starstealer: bets 100
nummy: calls 100
BigMikeB: calls 100
jokerrrr: folds 
foxplayer: calls 100
*** TURN *** [2s Tc 8c] [7h]
foxplayer: checks 
Starstealer: checks 
nummy: bets 200
BigMikeB: raises 200 to 400
foxplayer: calls 145 and is all-in
Starstealer: folds 
nummy: calls 200
*** RIVER *** [2s Tc 8c 7h] [6s]
nummy: checks 
BigMikeB: bets 200
nummy: calls 200
*** SHOW DOWN ***
BigMikeB: shows [Jd Ah 9h Qd] (a straight, Seven to Jack)
nummy: mucks hand 
BigMikeB collected 910 from side pot
foxplayer: mucks hand 
BigMikeB collected 1385 from main pot
*** SUMMARY ***
Total pot 2295 Main pot 1385. Side pot 910. | Rake 0 
Board [2s Tc 8c 7h 6s]
Seat 1: Starstealer folded on the Turn
Seat 2: nummy mucked [8s Ts Kd 8d] - three of a kind, Eights
Seat 3: BigMikeB showed [Jd Ah 9h Qd] and won (2295) with a straight, Seven to Jack
Seat 5: jokerrrr folded on the Flop
Seat 6: Mr.BB (button) folded before Flop (didn't bet)
Seat 7: kaiman (small blind) folded before Flop
Seat 8: foxplayer (big blind) mucked [2h As 6c 5s] - two pair, Sixes and Deuces
Seat 9: flop147 folded before Flop (didn't bet)

*********** # 40 **************
PokerStars Game #136955785: Tournament #376043, Omaha Limit - Level IV (100/200) - 2003/10/05 - 14:19:15 (ET)
Table '376043 28' Seat #7 is the button
Seat 1: Starstealer (2865 in chips) 
Seat 2: nummy (1240 in chips) 
Seat 3: BigMikeB (2730 in chips) 
Seat 4: diggerrr (1210 in chips) 
Seat 5: jokerrrr (3530 in chips) 
Seat 6: Mr.BB (505 in chips) is sitting out
Seat 7: kaiman (3335 in chips) 
Seat 9: flop147 (2620 in chips) 
flop147: posts small blind 50
Starstealer: posts big blind 100
*** HOLE CARDS ***
Dealt to Starstealer [9d Kc 9h 2s]
nummy: folds 
BigMikeB: folds 
diggerrr: calls 100
jokerrrr: calls 100
Mr.BB: folds 
kaiman: folds 
flop147: calls 50
Starstealer: checks 
*** FLOP *** [4h Qs 9s]
flop147: checks 
Starstealer: bets 100
diggerrr: calls 100
jokerrrr: raises 100 to 200
flop147: calls 200
Starstealer: calls 100
diggerrr: calls 100
*** TURN *** [4h Qs 9s] [5c]
flop147: checks 
Starstealer: bets 200
diggerrr: calls 200
jokerrrr: raises 200 to 400
flop147: calls 400
Starstealer: calls 200
diggerrr: calls 200
*** RIVER *** [4h Qs 9s 5c] [Td]
flop147: checks 
Starstealer: bets 200
diggerrr: calls 200
jokerrrr: calls 200
flop147: calls 200
*** SHOW DOWN ***
Starstealer: shows [9d Kc 9h 2s] (three of a kind, Nines)
diggerrr: shows [Jh Qc Ac 8h] (a straight, Eight to Queen)
jokerrrr: mucks hand 
flop147: shows [As 8s 3c Jc] (a straight, Eight to Queen)
flop147 collected 1800 from  pot
diggerrr collected 1800 from  pot
*** SUMMARY ***
Total pot 3600 | Rake 0 
Board [4h Qs 9s 5c Td]
Seat 1: Starstealer (big blind) showed [9d Kc 9h 2s] and lost with three of a kind, Nines
Seat 2: nummy folded before Flop (didn't bet)
Seat 3: BigMikeB folded before Flop (didn't bet)
Seat 4: diggerrr showed [Jh Qc Ac 8h] and won (1800) with a straight, Eight to Queen
Seat 5: jokerrrr mucked [5h 4d 4c 2h] - three of a kind, Fours
Seat 6: Mr.BB folded before Flop (didn't bet)
Seat 7: kaiman (button) folded before Flop (didn't bet)
Seat 9: flop147 (small blind) showed [As 8s 3c Jc] and won (1800) with a straight, Eight to Queen

*********** # 41 **************
PokerStars Game #136956589: Tournament #376043, Omaha Limit - Level IV (100/200) - 2003/10/05 - 14:20:21 (ET)
Table '376043 28' Seat #9 is the button
Seat 1: Starstealer (1965 in chips) 
Seat 2: nummy (1240 in chips) 
Seat 3: BigMikeB (2730 in chips) 
Seat 4: diggerrr (2110 in chips) 
Seat 5: jokerrrr (2630 in chips) 
Seat 6: Mr.BB (505 in chips) is sitting out
Seat 7: kaiman (3335 in chips) 
Seat 9: flop147 (3520 in chips) 
Starstealer: posts small blind 50
nummy: posts big blind 100
*** HOLE CARDS ***
Dealt to Starstealer [Ac Ad Ts 4d]
BigMikeB: calls 100
diggerrr: calls 100
jokerrrr: calls 100
Mr.BB: folds 
kaiman: folds 
flop147: folds 
Starstealer: raises 100 to 200
nummy: calls 100
BigMikeB: calls 100
diggerrr: calls 100
jokerrrr: calls 100
*** FLOP *** [6s 3d 5s]
Starstealer: bets 100
nummy: calls 100
BigMikeB: raises 100 to 200
diggerrr: calls 200
jokerrrr: calls 200
Starstealer: calls 100
nummy: calls 100
*** TURN *** [6s 3d 5s] [5c]
Starstealer: checks 
nummy: checks 
BigMikeB: bets 200
diggerrr: calls 200
jokerrrr: raises 200 to 400
Starstealer: calls 400
nummy: folds 
BigMikeB: raises 200 to 600
diggerrr: calls 400
jokerrrr: calls 200
Starstealer: calls 200
*** RIVER *** [6s 3d 5s 5c] [7h]
Starstealer: checks 
BigMikeB: checks 
diggerrr: bets 200
jokerrrr: calls 200
Starstealer: calls 200
BigMikeB: calls 200
*** SHOW DOWN ***
diggerrr: shows [5d 7c 4c 9s] (a full house, Fives full of Sevens)
jokerrrr: mucks hand 
Starstealer: mucks hand 
Mr.BB is connected 
BigMikeB: shows [4h 8h 7d Jd] (a straight, Four to Eight)
Mr.BB has returned
diggerrr collected 5200 from  pot
janne45 is connected 
*** SUMMARY ***
Total pot 5200 | Rake 0 
Board [6s 3d 5s 5c 7h]
Seat 1: Starstealer (small blind) mucked [Ac Ad Ts 4d] - two pair, Aces and Fives
Seat 2: nummy (big blind) folded on the Turn
Seat 3: BigMikeB showed [4h 8h 7d Jd] and lost with a straight, Four to Eight
Seat 4: diggerrr showed [5d 7c 4c 9s] and won (5200) with a full house, Fives full of Sevens
Seat 5: jokerrrr mucked [6c As 3h 3c] - a full house, Threes full of Fives
Seat 6: Mr.BB folded before Flop (didn't bet)
Seat 7: kaiman folded before Flop (didn't bet)
Seat 9: flop147 (button) folded before Flop (didn't bet)

*********** # 42 **************
PokerStars Game #136957825: Tournament #376043, Omaha Limit - Level IV (100/200) - 2003/10/05 - 14:22:03 (ET)
Table '376043 28' Seat #1 is the button
Seat 1: Starstealer (765 in chips) 
Seat 2: nummy (840 in chips) 
Seat 3: BigMikeB (1530 in chips) 
Seat 4: diggerrr (6110 in chips) 
Seat 5: jokerrrr (1430 in chips) 
Seat 6: Mr.BB (505 in chips) 
Seat 7: kaiman (3335 in chips) 
Seat 8: janne45 (2350 in chips) is sitting out
Seat 9: flop147 (3520 in chips) 
nummy: posts small blind 50
BigMikeB: posts big blind 100
*** HOLE CARDS ***
Dealt to Starstealer [4d Ks 2h 8s]
janne45 has returned
diggerrr: calls 100
jokerrrr: calls 100
Mr.BB: raises 100 to 200
kaiman: folds 
janne45: folds 
flop147: folds 
Starstealer: folds 
nummy: calls 150
BigMikeB: calls 100
diggerrr: calls 100
jokerrrr: calls 100
*** FLOP *** [Jh 3h 2d]
nummy: bets 100
BigMikeB: calls 100
diggerrr: calls 100
jokerrrr: folds 
Mr.BB: folds 
*** TURN *** [Jh 3h 2d] [5s]
nummy: bets 200
BigMikeB: calls 200
diggerrr: calls 200
*** RIVER *** [Jh 3h 2d 5s] [4c]
nummy: checks 
BigMikeB: checks 
diggerrr: checks 
*** SHOW DOWN ***
nummy: shows [Kh Qc 7s 9h] (high card King)
BigMikeB: shows [Ts 6d Jd 8d] (a pair of Jacks)
diggerrr: shows [Ad Jc 8h As] (a pair of Aces)
diggerrr collected 1900 from  pot
*** SUMMARY ***
Total pot 1900 | Rake 0 
Board [Jh 3h 2d 5s 4c]
Seat 1: Starstealer (button) folded before Flop (didn't bet)
Seat 2: nummy (small blind) showed [Kh Qc 7s 9h] and lost with high card King
Seat 3: BigMikeB (big blind) showed [Ts 6d Jd 8d] and lost with a pair of Jacks
Seat 4: diggerrr showed [Ad Jc 8h As] and won (1900) with a pair of Aces
Seat 5: jokerrrr folded on the Flop
Seat 6: Mr.BB folded on the Flop
Seat 7: kaiman folded before Flop (didn't bet)
Seat 8: janne45 folded before Flop (didn't bet)
Seat 9: flop147 folded before Flop (didn't bet)

*********** # 43 **************
PokerStars Game #136958783: Tournament #376043, Omaha Limit - Level IV (100/200) - 2003/10/05 - 14:23:24 (ET)
Table '376043 28' Seat #2 is the button
Seat 1: Starstealer (765 in chips) 
Seat 2: nummy (340 in chips) 
Seat 3: BigMikeB (1030 in chips) 
Seat 4: diggerrr (7510 in chips) 
Seat 5: jokerrrr (1230 in chips) 
Seat 6: Mr.BB (305 in chips) 
Seat 7: kaiman (3335 in chips) 
Seat 8: janne45 (2350 in chips) 
Seat 9: flop147 (3520 in chips) 
BigMikeB: posts small blind 50
diggerrr: posts big blind 100
*** HOLE CARDS ***
Dealt to Starstealer [Kd Qd As 6c]
jokerrrr: calls 100
Mr.BB: folds 
kaiman: folds 
janne45: calls 100
flop147: folds 
Starstealer: calls 100
nummy: calls 100
BigMikeB: raises 100 to 200
diggerrr: calls 100
jokerrrr: calls 100
janne45: calls 100
Starstealer: calls 100
nummy: calls 100
*** FLOP *** [4c Td Jc]
BigMikeB: bets 100
diggerrr: calls 100
jokerrrr: raises 100 to 200
janne45: folds 
Starstealer: calls 200
nummy: calls 140 and is all-in
BigMikeB: raises 100 to 300
diggerrr: calls 200
jokerrrr: calls 100
Starstealer: calls 100
*** TURN *** [4c Td Jc] [Th]
Mr.BB is disconnected 
BigMikeB: bets 200
diggerrr: calls 200
jokerrrr: raises 200 to 400
Starstealer: calls 265 and is all-in
BigMikeB: folds 
diggerrr: calls 200
*** RIVER *** [4c Td Jc Th] [2h]
diggerrr: checks 
jokerrrr: bets 200
diggerrr: calls 200
*** SHOW DOWN ***
jokerrrr: shows [Jh 5c 5d Tc] (a full house, Tens full of Jacks)
diggerrr: mucks hand 
jokerrrr collected 670 from side pot-2 
Starstealer: mucks hand 
jokerrrr collected 1635 from side pot-1 
nummy: mucks hand 
jokerrrr collected 1900 from main pot
gwizzle is connected 
*** SUMMARY ***
Total pot 4205 Main pot 1900. Side pot-1 1635. Side pot-2 670. | Rake 0 
Board [4c Td Jc Th 2h]
Seat 1: Starstealer mucked [Kd Qd As 6c] - a pair of Tens
Seat 2: nummy (button) mucked [8s Qs 9c Jd] - two pair, Jacks and Tens
Seat 3: BigMikeB (small blind) folded on the Turn
Seat 4: diggerrr (big blind) mucked [5s 7d 7h 9d] - two pair, Tens and Sevens
Seat 5: jokerrrr showed [Jh 5c 5d Tc] and won (4205) with a full house, Tens full of Jacks
Seat 6: Mr.BB folded before Flop (didn't bet)
Seat 7: kaiman folded before Flop (didn't bet)
Seat 8: janne45 folded on the Flop
Seat 9: flop147 folded before Flop (didn't bet)

If you have any questions, please contact us at support@pokerstars.com
 